<?xml version='1.0'?>
<collection xmlns='http://www.loc.gov/MARC21/slim'
      xmlns:xsi='http://www.w3.org/2001/XMLSchema-instance'
      xsi:schemaLocation="http://www.loc.gov/MARC21/slim http://www.loc.gov/standards/marcxml/schema/MARC21slim.xsd">
<record><leader>01086cam a22003371a 4500</leader><controlfield tag='001'>SCSB-2508126</controlfield><controlfield tag='003'>NNC</controlfield><controlfield tag='005'>20220525185109.0</controlfield><controlfield tag='008'>860701s1953    cau           000 0 eng d</controlfield><controlfield tag='009'>490672</controlfield><datafield ind1=' ' ind2=' ' tag='010'><subfield code='a'>   53012551 </subfield></datafield><datafield ind1=' ' ind2=' ' tag='035'><subfield code='a'>(OCoLC)277074</subfield></datafield><datafield ind1=' ' ind2=' ' tag='035'><subfield code='a'>(OCoLC)ocm00277074</subfield></datafield><datafield ind1=' ' ind2=' ' tag='035'><subfield code='a'>(CStRLIN)NYCG86-B68999</subfield></datafield><datafield ind1=' ' ind2=' ' tag='035'><subfield code='9'>ACD1647CU</subfield></datafield><datafield ind1=' ' ind2=' ' tag='035'><subfield code='a'>(NNC)490672</subfield></datafield><datafield ind1=' ' ind2=' ' tag='035'><subfield code='a'>490672</subfield></datafield><datafield ind1=' ' ind2=' ' tag='040'><subfield code='a'>COMC</subfield><subfield code='c'>COMC</subfield><subfield code='d'>NNC</subfield></datafield><datafield ind1='0' ind2='0' tag='050'><subfield code='a'>PS1671.A2</subfield><subfield code='b'>A8</subfield></datafield><datafield ind1='0' ind2=' ' tag='082'><subfield code='a'>928.1</subfield></datafield><datafield ind1=' ' ind2=' ' tag='090'><subfield code='a'>PS1671.A2</subfield><subfield code='b'>A8</subfield></datafield><datafield ind1='1' ind2=' ' tag='100'><subfield code='a'>Austin, James C.,</subfield><subfield code='e'>editor.</subfield><subfield code='4'>http://id.loc.gov/vocabulary/relators/edt</subfield><subfield code='0'>http://id.loc.gov/authorities/names/no98084285</subfield></datafield><datafield ind1='1' ind2='0' tag='245'><subfield code='a'>Fields of the Atlantic monthly :</subfield><subfield code='b'>letters to an editor, 1861-1870.</subfield></datafield><datafield ind1=' ' ind2=' ' tag='260'><subfield code='a'>San Marino, Calif. :</subfield><subfield code='b'>Huntington Library,</subfield><subfield code='c'>1953.</subfield></datafield><datafield ind1=' ' ind2=' ' tag='300'><subfield code='a'>xi, 445 pages.</subfield></datafield><datafield ind1=' ' ind2=' ' tag='336'><subfield code='a'>text</subfield><subfield code='2'>rdacontent</subfield></datafield><datafield ind1=' ' ind2=' ' tag='337'><subfield code='a'>unmediated</subfield><subfield code='2'>rdamedia</subfield></datafield><datafield ind1=' ' ind2=' ' tag='338'><subfield code='a'>volume</subfield><subfield code='2'>rdacarrier</subfield></datafield><datafield ind1='1' ind2=' ' tag='490'><subfield code='a'>Huntington Library publications</subfield></datafield><datafield ind1=' ' ind2='0' tag='830'><subfield code='a'>Huntington Library publications.</subfield><subfield code='0'>http://id.loc.gov/authorities/names/n84803283</subfield></datafield><datafield ind1='8' ind2='0' tag='852'><subfield code='h'>812F463 S6</subfield><subfield code='0'>2483494</subfield><subfield code='b'>scsbcul</subfield></datafield><datafield ind1=' ' ind2=' ' tag='876'><subfield code='0'>2483494</subfield><subfield code='a'>3855135</subfield><subfield code='h'> </subfield><subfield code='j'>Available</subfield><subfield code='p'>CU58334661</subfield><subfield code='t'>1</subfield><subfield code='x'>Shared</subfield><subfield code='z'>CU</subfield><subfield code='l'>RECAP</subfield></datafield></record>