
<record><leader>00850cam a2200277   4500</leader><controlfield tag='001'>SCSB-3147033</controlfield><controlfield tag='003'>NNC</controlfield><controlfield tag='005'>20220601181918.0</controlfield><controlfield tag='008'>730713s1919    mauac         000 0 eng  </controlfield><controlfield tag='009'>1486509</controlfield><datafield ind1=' ' ind2=' ' tag='010'><subfield code='a'>   19004003 </subfield></datafield><datafield ind1=' ' ind2=' ' tag='035'><subfield code='a'>(OCoLC)ocm00655728</subfield></datafield><datafield ind1=' ' ind2=' ' tag='035'><subfield code='9'>AJB5473CU</subfield></datafield><datafield ind1=' ' ind2=' ' tag='035'><subfield code='a'>1486509</subfield></datafield><datafield ind1=' ' ind2=' ' tag='040'><subfield code='a'>DLC</subfield><subfield code='c'>WSU</subfield><subfield code='d'>SER</subfield></datafield><datafield ind1='0' ind2='0' tag='050'><subfield code='a'>PN4900.A7</subfield><subfield code='b'>H8</subfield></datafield><datafield ind1=' ' ind2=' ' tag='090'><subfield code='f'>h</subfield><subfield code='n'>\LOK\</subfield></datafield><datafield ind1='1' ind2=' ' tag='100'><subfield code='a'>Howe, M. A. De Wolfe</subfield><subfield code='q'>(Mark Antony De Wolfe),</subfield><subfield code='d'>1864-1960.</subfield><subfield code='0'>http://id.loc.gov/authorities/names/n50030302</subfield></datafield><datafield ind1='1' ind2='4' tag='245'><subfield code='a'>The Atlantic monthly and its makers /</subfield><subfield code='c'>by M.A. De Wolfe Howe.</subfield></datafield><datafield ind1=' ' ind2=' ' tag='260'><subfield code='a'>Boston :</subfield><subfield code='b'>The Atlantic Monthly Press, inc.,</subfield><subfield code='c'>1919.</subfield></datafield><datafield ind1=' ' ind2=' ' tag='300'><subfield code='a'>106 p.</subfield></datafield><datafield ind1=' ' ind2=' ' tag='336'><subfield code='a'>text</subfield><subfield code='b'>txt</subfield><subfield code='2'>rdacontent</subfield></datafield><datafield ind1=' ' ind2=' ' tag='337'><subfield code='a'>unmediated</subfield><subfield code='b'>n</subfield><subfield code='2'>rdamedia</subfield></datafield><datafield ind1='0' ind2='0' tag='630'><subfield code='a'>Atlantic monthly.</subfield></datafield><datafield ind1=' ' ind2=' ' tag='752'><subfield code='a'>United States</subfield><subfield code='b'>Massachusetts</subfield><subfield code='d'>Boston.</subfield><subfield code='2'>naf</subfield></datafield><datafield ind1=' ' ind2=' ' tag='901'><subfield code='a'>66aa80f9-dae1-4a03-9fe7-772b01527f92</subfield><subfield code='b'>13</subfield><subfield code='c'>false</subfield></datafield><datafield ind1='8' ind2='0' tag='852'><subfield code='h'>051 At63</subfield><subfield code='0'>3129596</subfield><subfield code='b'>scsbcul</subfield></datafield><datafield ind1=' ' ind2=' ' tag='876'><subfield code='0'>3129596</subfield><subfield code='a'>4801894</subfield><subfield code='h'> </subfield><subfield code='j'>Available</subfield><subfield code='p'>CU50601458</subfield><subfield code='t'>1</subfield><subfield code='x'>Shared</subfield><subfield code='z'>CU</subfield><subfield code='l'>RECAP</subfield></datafield></record>