
<record><leader>01080cam a2200289I  4500</leader><controlfield tag='001'>SCSB-8071604</controlfield><controlfield tag='003'>OCoLC</controlfield><controlfield tag='005'>20000331111450.3</controlfield><controlfield tag='008'>730713s1919    mauac         000 0 eng  </controlfield><controlfield tag='009'>.b145288080</controlfield><datafield ind1=' ' ind2=' ' tag='010'><subfield code='a'>19004003</subfield></datafield><datafield ind1=' ' ind2=' ' tag='040'><subfield code='a'>DLC</subfield><subfield code='c'>WSU</subfield><subfield code='d'>SER</subfield><subfield code='d'>NYP</subfield><subfield code='d'>WaOLN</subfield></datafield><datafield ind1=' ' ind2=' ' tag='049'><subfield code='a'>NYPG</subfield></datafield><datafield ind1='0' ind2='0' tag='050'><subfield code='a'>PN4900.A7</subfield><subfield code='b'>H8</subfield></datafield><datafield ind1='1' ind2=' ' tag='100'><subfield code='a'>Howe, M. A. De Wolfe</subfield><subfield code='q'>(Mark Antony De Wolfe),</subfield><subfield code='d'>1864-1960.</subfield></datafield><datafield ind1='1' ind2='4' tag='245'><subfield code='a'>The Atlantic monthly and its makers,</subfield><subfield code='c'>by M.A. De Wolfe Howe.</subfield></datafield><datafield ind1=' ' ind2=' ' tag='260'><subfield code='a'>Boston,</subfield><subfield code='b'>The Atlantic Monthly Press, inc.,</subfield><subfield code='c'>1919.</subfield></datafield><datafield ind1=' ' ind2=' ' tag='300'><subfield code='a'>106 p.</subfield></datafield><datafield ind1='1' ind2=' ' tag='590'><subfield code='a'>Johnson Collection.</subfield></datafield><datafield ind1='0' ind2='0' tag='630'><subfield code='a'>Atlantic monthly.</subfield></datafield><datafield ind1=' ' ind2=' ' tag='907'><subfield code='a'>.b145288080</subfield><subfield code='c'>m</subfield><subfield code='d'>a</subfield><subfield code='e'>-</subfield><subfield code='f'>eng</subfield><subfield code='g'>mau</subfield><subfield code='h'>4</subfield><subfield code='i'>2</subfield></datafield><datafield ind1=' ' ind2=' ' tag='035'><subfield code='a'>(OCoLC)655728</subfield></datafield><datafield ind1=' ' ind2=' ' tag='901'><subfield code='a'>66aa80f9-dae1-4a03-9fe7-772b01527f92</subfield><subfield code='b'>13</subfield><subfield code='c'>false</subfield></datafield><datafield ind1='8' ind2=' ' tag='852'><subfield code='h'>*D (Howe, M. A. de W. Atlantic monthly)</subfield><subfield code='0'>8216729</subfield><subfield code='b'>scsbnypl</subfield></datafield><datafield ind1=' ' ind2=' ' tag='876'><subfield code='0'>8216729</subfield><subfield code='a'>13473854</subfield><subfield code='h'>Supervised Use</subfield><subfield code='j'>Available</subfield><subfield code='p'>33433104875863</subfield><subfield code='t'>1</subfield><subfield code='x'>Open</subfield><subfield code='z'>NA</subfield><subfield code='l'>RECAP</subfield></datafield></record>