
<record><leader>01000cam a2200301   4500</leader><controlfield tag='001'>SCSB-4930069</controlfield><controlfield tag='003'>NNC</controlfield><controlfield tag='005'>20221103012259.0</controlfield><controlfield tag='008'>721221s1972    vaua     b    000 0 eng  </controlfield><controlfield tag='009'>4643596</controlfield><datafield ind1=' ' ind2=' ' tag='010'><subfield code='a'>   72089855 </subfield></datafield><datafield ind1=' ' ind2=' ' tag='020'><subfield code='a'>0813904080</subfield></datafield><datafield ind1=' ' ind2=' ' tag='035'><subfield code='a'>(OCoLC)ocm00539043</subfield></datafield><datafield ind1=' ' ind2=' ' tag='035'><subfield code='9'>EISI324736</subfield></datafield><datafield ind1=' ' ind2=' ' tag='035'><subfield code='a'>(NNC)4643596</subfield></datafield><datafield ind1=' ' ind2=' ' tag='035'><subfield code='a'>4643596</subfield></datafield><datafield ind1=' ' ind2=' ' tag='040'><subfield code='a'>DLC</subfield><subfield code='c'>DLC</subfield></datafield><datafield ind1='0' ind2='0' tag='050'><subfield code='a'>Z110.C7</subfield><subfield code='b'>B3 1972</subfield></datafield><datafield ind1=' ' ind2=' ' tag='098'><subfield code='a'>BB80</subfield><subfield code='b'>B278</subfield></datafield><datafield ind1='1' ind2=' ' tag='100'><subfield code='a'>Barrow, W. J.</subfield><subfield code='q'>(William James),</subfield><subfield code='d'>1904-1967.</subfield><subfield code='0'>http://id.loc.gov/authorities/names/n85215914</subfield></datafield><datafield ind1='1' ind2='0' tag='245'><subfield code='a'>Manuscripts and documents: their deterioration and restoration.</subfield></datafield><datafield ind1=' ' ind2=' ' tag='250'><subfield code='a'>[2d ed.].</subfield></datafield><datafield ind1=' ' ind2=' ' tag='260'><subfield code='a'>Charlottesville :</subfield><subfield code='b'>University Press of Virginia,</subfield><subfield code='c'>[1972]</subfield></datafield><datafield ind1=' ' ind2=' ' tag='300'><subfield code='a'>xxvii, 84 pages :</subfield><subfield code='b'>illustrations ;</subfield><subfield code='c'>25 cm</subfield></datafield><datafield ind1=' ' ind2=' ' tag='336'><subfield code='a'>text</subfield><subfield code='b'>txt</subfield><subfield code='2'>rdacontent</subfield></datafield><datafield ind1=' ' ind2=' ' tag='337'><subfield code='a'>unmediated</subfield><subfield code='b'>n</subfield><subfield code='2'>rdamedia</subfield></datafield><datafield ind1=' ' ind2=' ' tag='504'><subfield code='a'>Bibliography: p. [75]-84.</subfield></datafield><datafield ind1=' ' ind2='0' tag='650'><subfield code='a'>Manuscripts</subfield><subfield code='x'>Conservation and restoration.</subfield><subfield code='0'>http://id.loc.gov/authorities/subjects/sh85080675</subfield></datafield><datafield ind1='8' ind2='0' tag='852'><subfield code='h'>BB80 B278</subfield><subfield code='0'>4942117</subfield><subfield code='b'>scsbcul</subfield></datafield><datafield ind1=' ' ind2=' ' tag='876'><subfield code='0'>4942117</subfield><subfield code='a'>7450233</subfield><subfield code='h'> </subfield><subfield code='j'>Available</subfield><subfield code='p'>CU62235982</subfield><subfield code='t'>1</subfield><subfield code='x'>Shared</subfield><subfield code='z'>CU</subfield><subfield code='l'>RECAP</subfield></datafield></record>