
<record><leader>00000cam a22004814a 4500</leader><controlfield tag='001'>SCSB-12870044</controlfield><controlfield tag='005'>20091120142332.0</controlfield><controlfield tag='008'>081203r20092008nyuaf    b    000 0aeng  </controlfield><controlfield tag='009'>990120511160203941</controlfield><datafield ind1=' ' ind2=' ' tag='010'><subfield code='a'>^^2008052564</subfield></datafield><datafield ind1=' ' ind2=' ' tag='020'><subfield code='a'>9780231149006 (cloth : alk. paper)</subfield></datafield><datafield ind1=' ' ind2=' ' tag='020'><subfield code='a'>023114900X (cloth : alk. paper)</subfield></datafield><datafield ind1=' ' ind2=' ' tag='035'><subfield code='a'>(OCoLC)282960791</subfield><subfield code='z'>(OCoLC)1022725813</subfield></datafield><datafield ind1=' ' ind2=' ' tag='040'><subfield code='a'>DLC</subfield><subfield code='c'>DLC</subfield><subfield code='d'>BTCTA</subfield><subfield code='d'>YDXCP</subfield><subfield code='d'>C#P</subfield><subfield code='d'>BWX</subfield><subfield code='d'>CDX</subfield></datafield><datafield ind1='1' ind2=' ' tag='041'><subfield code='a'>eng</subfield><subfield code='h'>mar</subfield></datafield><datafield ind1=' ' ind2=' ' tag='043'><subfield code='a'>a-ii---</subfield></datafield><datafield ind1='0' ind2='0' tag='050'><subfield code='a'>PK2418.P344</subfield><subfield code='b'>Z463813 2009</subfield></datafield><datafield ind1='0' ind2='0' tag='082'><subfield code='a'>891.4/687109</subfield><subfield code='2'>22</subfield></datafield><datafield ind1='1' ind2='4' tag='082'><subfield code='a'>B</subfield><subfield code='2'>22</subfield></datafield><datafield ind1='1' ind2=' ' tag='100'><subfield code='a'>Pavāra, Urmilā</subfield></datafield><datafield ind1='1' ind2='0' tag='240'><subfield code='a'>Āyadāna.</subfield><subfield code='l'>English</subfield></datafield><datafield ind1='1' ind2='4' tag='245'><subfield code='a'>The weave of my life :</subfield><subfield code='b'>a Dalit woman&apos;s memoirs /</subfield><subfield code='c'>Urmila Pawar ; translated by Maya Pandit.</subfield></datafield><datafield ind1=' ' ind2=' ' tag='260'><subfield code='a'>New York :</subfield><subfield code='b'>Columbia University Press,</subfield><subfield code='c'>c2009.</subfield></datafield><datafield ind1=' ' ind2=' ' tag='300'><subfield code='a'>xxviii, 283 p., [6] p. of plates :</subfield><subfield code='b'>ill. ;</subfield><subfield code='c'>24 cm.</subfield></datafield><datafield ind1=' ' ind2=' ' tag='500'><subfield code='a'>&quot;The weave of my life : a Dalit woman&apos;s memoir was first published by Stree ... in 2008&quot;--T.p. verso.</subfield></datafield><datafield ind1=' ' ind2=' ' tag='504'><subfield code='a'>Includes bibliographical references.</subfield></datafield><datafield ind1='1' ind2=' ' tag='520'><subfield code='a'>&quot;Activist and award-winning writer Urmilla Pawar recounts three generations of Dalit women who struggled to overcome the burden of their caste. Dalits, or untouchables, make up India&apos;s poorest class. Forbidden from performing anything but the most undesirable and unsanitary duties, for years Dalits were believed to be racially inferior and polluted by nature and were therefore forced to live in isolated communities.&quot;.</subfield></datafield><datafield ind1='8' ind2=' ' tag='520'><subfield code='a'>&quot;Pawar grew up on the rugged Konkan coast, near Mumbai, where the Mahar Dalits where housed in the center of the village so the upper castes could summon them at any time. As Pawar writes, &quot;the community grew up with a sense of perpetual insecurity, fearing that they could be attacked from all four sides in times of conflict.</subfield></datafield><datafield ind1='8' ind2=' ' tag='520'><subfield code='a'>That is why there has always been a tendency in our people to shrink within ourselves like a tortoise and proceed at a snail&apos;s pace.&quot; Pawar eventually left Konkan for Mumbai, where she fought for Dalit rights and became a major figure in the Dalit literary movement. Though she writes in Marathi, she has found fame in all of India.&quot;.</subfield></datafield><datafield ind1='8' ind2=' ' tag='520'><subfield code='a'>&quot;In this frank and intimate memoir, Pawar not only shares her tireless effort to surmount hideous personal tragedy but also conveys the excitement of an awakening consciousness during a time of profound political and social change.&quot;--BOOK JACKET.</subfield></datafield><datafield ind1='1' ind2='0' tag='600'><subfield code='a'>Pavāra, Urmilā</subfield></datafield><datafield ind1=' ' ind2='0' tag='650'><subfield code='a'>Authors, Marathi</subfield><subfield code='y'>20th century</subfield><subfield code='v'>Biography</subfield></datafield><datafield ind1=' ' ind2='0' tag='650'><subfield code='a'>Dalits</subfield><subfield code='z'>India</subfield><subfield code='z'>Maharashtra</subfield><subfield code='v'>Biography.</subfield></datafield><datafield ind1=' ' ind2='0' tag='650'><subfield code='a'>Women</subfield><subfield code='z'>India</subfield><subfield code='z'>Maharashtra</subfield><subfield code='v'>Biography.</subfield></datafield><datafield ind1=' ' ind2='0' tag='650'><subfield code='a'>Political activists</subfield><subfield code='z'>India</subfield><subfield code='v'>Biography.</subfield></datafield><datafield ind1=' ' ind2='0' tag='650'><subfield code='a'>Feminists</subfield><subfield code='z'>India</subfield><subfield code='v'>Biography.</subfield></datafield><datafield ind1=' ' ind2='0' tag='651'><subfield code='a'>Maharashtra (India)</subfield><subfield code='v'>Biography</subfield></datafield><datafield ind1=' ' ind2='7' tag='655'><subfield code='a'>Biographies</subfield><subfield code='2'>fast</subfield></datafield><datafield ind1=' ' ind2='7' tag='648'><subfield code='a'>1900-1999</subfield><subfield code='2'>fast</subfield></datafield><datafield ind1='0' ind2='8' tag='776'><subfield code='i'>Online version:</subfield><subfield code='a'>Pavāra, Urmilā.</subfield><subfield code='s'>Āyadāna. English.</subfield><subfield code='t'>Weave of my life.</subfield><subfield code='d'>New York : Columbia University Press, ©2009</subfield><subfield code='w'>(OCoLC)649309345</subfield></datafield><datafield ind1='1' ind2=' ' tag='583'><subfield code='a'>committed to retain</subfield><subfield code='c'>20181001</subfield><subfield code='d'>in perpetuity</subfield><subfield code='f'>ReCAP Shared Collection</subfield><subfield code='5'>HUL</subfield><subfield code='8'>222128336730003941</subfield></datafield><datafield ind1='0' ind2=' ' tag='852'><subfield code='c'>HD</subfield><subfield code='h'>PK2418.P344</subfield><subfield code='i'>Z463813 2009</subfield><subfield code='0'>13720703</subfield><subfield code='b'>scsbhl</subfield></datafield><datafield ind1=' ' ind2=' ' tag='876'><subfield code='0'>13720703</subfield><subfield code='a'>19548788</subfield><subfield code='h'> </subfield><subfield code='j'>Not Available</subfield><subfield code='k'>WID</subfield><subfield code='p'>32044111235982</subfield><subfield code='x'>Shared</subfield><subfield code='z'>HW</subfield><subfield code='l'>HD</subfield></datafield></record>