
<record><leader>05877cam a2200613Ia 4500</leader><controlfield tag='001'>SCSB-5617780</controlfield><controlfield tag='003'>NNC</controlfield><controlfield tag='005'>20221206090025.0</controlfield><controlfield tag='008'>110708s2011    enka          000 0 eng d</controlfield><controlfield tag='009'>9171084</controlfield><datafield ind1=' ' ind2=' ' tag='020'><subfield code='a'>9781780520926 (hard.)</subfield></datafield><datafield ind1=' ' ind2=' ' tag='020'><subfield code='a'>9781780520933 (electronic bk.) :</subfield><subfield code='c'>£77.95 ; ss113.95 ; $144.95</subfield></datafield><datafield ind1=' ' ind2=' ' tag='020'><subfield code='a'>178052093X (electronic bk.) :</subfield><subfield code='c'>£77.95 ; ss113.95 ; $144.95</subfield></datafield><datafield ind1=' ' ind2=' ' tag='035'><subfield code='a'>(OCoLC)ocn762190863</subfield></datafield><datafield ind1=' ' ind2=' ' tag='035'><subfield code='a'>(OCoLC)762190863</subfield></datafield><datafield ind1=' ' ind2=' ' tag='035'><subfield code='a'>(NNC)9171084</subfield></datafield><datafield ind1=' ' ind2=' ' tag='035'><subfield code='a'>9171084</subfield></datafield><datafield ind1=' ' ind2=' ' tag='040'><subfield code='a'>UTBLW</subfield><subfield code='c'>UTBLW</subfield><subfield code='d'>EBLCP</subfield><subfield code='d'>YDXCP</subfield><subfield code='d'>E7B</subfield></datafield><datafield ind1=' ' ind2='4' tag='050'><subfield code='a'>HG173</subfield><subfield code='b'>.F56 2011</subfield></datafield><datafield ind1=' ' ind2='7' tag='072'><subfield code='a'>KJR</subfield><subfield code='2'>bicssc</subfield></datafield><datafield ind1=' ' ind2='7' tag='072'><subfield code='a'>KJG</subfield><subfield code='2'>bicssc</subfield></datafield><datafield ind1=' ' ind2='7' tag='072'><subfield code='a'>BUS008000</subfield><subfield code='2'>bisacsh</subfield></datafield><datafield ind1=' ' ind2='7' tag='072'><subfield code='a'>BUS001010</subfield><subfield code='2'>bisacsh</subfield></datafield><datafield ind1=' ' ind2=' ' tag='080'><subfield code='a'>336</subfield></datafield><datafield ind1='0' ind2='4' tag='082'><subfield code='a'>332</subfield><subfield code='2'>23</subfield></datafield><datafield ind1='0' ind2='0' tag='245'><subfield code='a'>Finance and sustainability :</subfield><subfield code='b'>towards a new paradigm? : a post-crisis agenda /</subfield><subfield code='c'>edited by William Sun, Céline Louche, Roland Pérez.</subfield></datafield><datafield ind1=' ' ind2=' ' tag='260'><subfield code='a'>Bingley, U.K. :</subfield><subfield code='b'>Emerald,</subfield><subfield code='c'>2011.</subfield></datafield><datafield ind1=' ' ind2=' ' tag='300'><subfield code='a'>xvii, 374 pages :</subfield><subfield code='b'>illustrations ;</subfield><subfield code='c'>24 cm.</subfield></datafield><datafield ind1=' ' ind2=' ' tag='336'><subfield code='a'>text</subfield><subfield code='b'>txt</subfield><subfield code='2'>rdacontent</subfield></datafield><datafield ind1=' ' ind2=' ' tag='337'><subfield code='a'>unmediated</subfield><subfield code='b'>n</subfield><subfield code='2'>rdamedia</subfield></datafield><datafield ind1='1' ind2=' ' tag='490'><subfield code='a'>Critical studies on corporate responsibility, governance and sustainability,</subfield><subfield code='x'>2043-9059 ;</subfield><subfield code='v'>v. 2</subfield></datafield><datafield ind1='0' ind2=' ' tag='505'><subfield code='a'>Finance and sustainability : exploring the reality we are making / William Sun, Céline Louche, Roland Pérez -- Towards a fiduciary capitalism perspective on business ethics / James P. Hawley -- &apos;Corporate social responsibility&apos; : a new regulation of capitalism? : an institutionalist interpretative framework of CSR, based on the French experience / Nicolas Postel, Sandrine Rousseau, Richard Sobel -- CSR and &apos;best interests of the corporation&apos; : new purpose for corporations and managers? : a comparative view from North American and European corporate law / Ivan Tchotourian -- Changing the dominant convention : the role of emerging initiatives in mainstreaming ESG / Hager Jemel-Fornetty, Céline Louche, David Bourghelle -- Activism in European pension funds : exerting pressure on intermediaries / Frank Jan de Graaf, Matthew Haigh -- Drivers of socially responsible investment in the French financial market / Frédérique Déjean, Marie-Astrid Le Theule, Bruno Oxibar -- The experimental approach to trust in socially responsible investment funds / Marco Heimann, Sébastien Pouget, Étienne Mullet, Jean-François Bonnefon -- The strategy and fundamentals of sustainable finance serving sustainable development / Pascal Glémain -- In what conditions can venture capital and social justice co-exist? : a case study of a French venture capital fund investing ethically in Africa / Pascale Château Terrisse -- Cooperative finance and sustainability after the financial crisis / Rania A. Azmi -- Effects of financialization on restructuring and sustainable development policy : the Accor Group case / Jocelyne Barreau, Juliette Arnal -- Dynamic systems, matching complexity, contributions to corporate financial choice / Zhi H. Wang, Stuart Horsburgh -- The new paradigm in risk management / Daniel Satchkov -- Actual risk sharing measurement in Islamic banks / Kaouther Toumi, Jean-Laurent Viviani, Lotfi Belkacem -- Systemic risk in structured finance : lessons from the ongoing financial crisis / Roberto Violi.</subfield></datafield><datafield ind1=' ' ind2=' ' tag='520'><subfield code='a'>The recent global financial crisis has indicated that the conventional dominant paradigm in finance is unable to cope with the problems of financial systems, markets, and behaviour of financial institutions, and failed to understand the proper role of finance in society and the economic system as a whole. Drawing on the recent movements of corporate social responsibility, socially responsible investing and sustainable development, this volume goes further to examine the ongoing making of financial reality towards social responsibility and sustainability, and aims at a better understanding of finance as a collective construct and endeavour embedded in societal context. Bringing together leading scholarly thinking this collection opens new avenues of comprehending corporate social responsibility, reveals mechanisms and strategies in shaping the reality of responsible finance, searches alternative approaches towards financial sustainability, and explores new thinking of coping with complex financial choice and financial risks. Moving away from the conventional financial paradigm, this volume demonstrates paradigm shifting in the financial world and provides fresh insights on how we may reshape the financial reality to enable societal betterment and prevent any future financial crisis.</subfield></datafield><datafield ind1=' ' ind2='0' tag='650'><subfield code='a'>Finance.</subfield><subfield code='0'>http://id.loc.gov/authorities/subjects/sh85048256</subfield></datafield><datafield ind1=' ' ind2='0' tag='650'><subfield code='a'>Financial crises.</subfield><subfield code='0'>http://id.loc.gov/authorities/subjects/sh89002668</subfield></datafield><datafield ind1=' ' ind2='7' tag='650'><subfield code='a'>Business &amp; Economics</subfield><subfield code='x'>Business Ethics.</subfield><subfield code='2'>bisacsh</subfield></datafield><datafield ind1=' ' ind2='7' tag='650'><subfield code='a'>Business &amp; Economics</subfield><subfield code='x'>Accounting</subfield><subfield code='x'>Financial.</subfield><subfield code='2'>bisacsh</subfield></datafield><datafield ind1=' ' ind2='7' tag='650'><subfield code='a'>Corporate governance &amp; responsibilities.</subfield><subfield code='2'>bicssc</subfield></datafield><datafield ind1=' ' ind2='7' tag='650'><subfield code='a'>Business ethics.</subfield><subfield code='2'>bicssc</subfield></datafield><datafield ind1=' ' ind2='4' tag='650'><subfield code='a'>Business ethics.</subfield></datafield><datafield ind1=' ' ind2='4' tag='650'><subfield code='a'>Corporate governance -- Law and legislation.</subfield></datafield><datafield ind1=' ' ind2='4' tag='650'><subfield code='a'>Corporate governance.</subfield></datafield><datafield ind1=' ' ind2='4' tag='650'><subfield code='a'>Social responsibility in banking.</subfield></datafield><datafield ind1=' ' ind2='4' tag='650'><subfield code='a'>Business.</subfield></datafield><datafield ind1=' ' ind2='4' tag='650'><subfield code='a'>Law.</subfield></datafield><datafield ind1='1' ind2=' ' tag='700'><subfield code='a'>Sun, William,</subfield><subfield code='d'>1962-</subfield><subfield code='0'>http://id.loc.gov/authorities/names/n2009069081</subfield></datafield><datafield ind1='1' ind2=' ' tag='700'><subfield code='a'>Louche, Céline.</subfield><subfield code='0'>http://id.loc.gov/authorities/names/nr2006032235</subfield></datafield><datafield ind1='1' ind2=' ' tag='700'><subfield code='a'>Pérez, Roland.</subfield><subfield code='0'>http://id.loc.gov/authorities/names/nr96023526</subfield></datafield><datafield ind1='1' ind2=' ' tag='776'><subfield code='z'>9781780520926</subfield></datafield><datafield ind1=' ' ind2='0' tag='830'><subfield code='a'>Critical studies on corporate responsibility, governance and sustainability ;</subfield><subfield code='v'>v. 2.</subfield><subfield code='0'>http://id.loc.gov/authorities/names/no2011024875</subfield></datafield><datafield ind1='0' ind2='0' tag='852'><subfield code='h'>HG173 .F4886 2011g</subfield><subfield code='0'>5607007</subfield><subfield code='b'>scsbcul</subfield></datafield><datafield ind1=' ' ind2=' ' tag='876'><subfield code='0'>5607007</subfield><subfield code='a'>8286620</subfield><subfield code='h'> </subfield><subfield code='j'>Available</subfield><subfield code='p'>CU17417325</subfield><subfield code='t'>1</subfield><subfield code='x'>Shared</subfield><subfield code='z'>CU</subfield><subfield code='l'>RECAP</subfield></datafield></record>