
<record><leader>01662cam a2200457 i 4500</leader><controlfield tag='001'>SCSB-5647006</controlfield><controlfield tag='003'>NNC</controlfield><controlfield tag='005'>20230118200810.0</controlfield><controlfield tag='008'>111205t20122012nyu      b    001 0 eng  </controlfield><controlfield tag='009'>9561557</controlfield><datafield ind1=' ' ind2=' ' tag='010'><subfield code='a'>  2011046089</subfield></datafield><datafield ind1='7' ind2=' ' tag='016'><subfield code='a'>016076454</subfield><subfield code='2'>Uk</subfield></datafield><datafield ind1=' ' ind2=' ' tag='019'><subfield code='a'>775411764</subfield></datafield><datafield ind1=' ' ind2=' ' tag='020'><subfield code='a'>9780231146104 (cloth : alk. paper)</subfield></datafield><datafield ind1=' ' ind2=' ' tag='020'><subfield code='a'>0231146108 (cloth : alk. paper)</subfield></datafield><datafield ind1=' ' ind2=' ' tag='020'><subfield code='a'>9780231517959 (e-book)</subfield></datafield><datafield ind1=' ' ind2=' ' tag='020'><subfield code='a'>0231517955 (e-book)</subfield></datafield><datafield ind1=' ' ind2=' ' tag='035'><subfield code='a'>(OCoLC)ocn767719690</subfield></datafield><datafield ind1=' ' ind2=' ' tag='035'><subfield code='a'>(OCoLC)767719690</subfield><subfield code='z'>(OCoLC)775411764</subfield></datafield><datafield ind1=' ' ind2=' ' tag='035'><subfield code='a'>(NNC)9561557</subfield></datafield><datafield ind1=' ' ind2=' ' tag='035'><subfield code='a'>9561557</subfield></datafield><datafield ind1=' ' ind2=' ' tag='040'><subfield code='a'>DLC</subfield><subfield code='b'>eng</subfield><subfield code='e'>rda</subfield><subfield code='c'>DLC</subfield><subfield code='d'>YDX</subfield><subfield code='d'>ERASA</subfield><subfield code='d'>UKMGB</subfield><subfield code='d'>BTCTA</subfield><subfield code='d'>YDXCP</subfield><subfield code='d'>NNC</subfield></datafield><datafield ind1=' ' ind2=' ' tag='042'><subfield code='a'>pcc</subfield></datafield><datafield ind1=' ' ind2=' ' tag='043'><subfield code='a'>a-is---</subfield></datafield><datafield ind1='0' ind2='0' tag='050'><subfield code='a'>DS149</subfield><subfield code='b'>.B98 2012</subfield></datafield><datafield ind1='0' ind2='0' tag='082'><subfield code='a'>320.54095694</subfield><subfield code='2'>23</subfield></datafield><datafield ind1='1' ind2=' ' tag='100'><subfield code='a'>Butler, Judith,</subfield><subfield code='d'>1956-</subfield><subfield code='0'>http://id.loc.gov/authorities/names/n99035460</subfield></datafield><datafield ind1='1' ind2='0' tag='245'><subfield code='a'>Parting ways :</subfield><subfield code='b'>Jewishness and the critique of Zionism /</subfield><subfield code='c'>Judith Butler.</subfield></datafield><datafield ind1=' ' ind2=' ' tag='260'><subfield code='a'>New York :</subfield><subfield code='b'>Columbia University Press,</subfield><subfield code='c'>[2012], ©2012.</subfield></datafield><datafield ind1=' ' ind2=' ' tag='300'><subfield code='a'>viii, 251 pages ;</subfield><subfield code='c'>24 cm.</subfield></datafield><datafield ind1=' ' ind2=' ' tag='336'><subfield code='a'>text</subfield><subfield code='b'>txt</subfield><subfield code='2'>rdacontent</subfield></datafield><datafield ind1=' ' ind2=' ' tag='337'><subfield code='a'>unmediated</subfield><subfield code='b'>n</subfield><subfield code='2'>rdamedia</subfield></datafield><datafield ind1=' ' ind2=' ' tag='338'><subfield code='a'>volume</subfield><subfield code='2'>rdacarrier</subfield></datafield><datafield ind1='1' ind2=' ' tag='490'><subfield code='a'>New directions in critical theory</subfield></datafield><datafield ind1=' ' ind2=' ' tag='504'><subfield code='a'>Includes bibliographical references and index.</subfield></datafield><datafield ind1=' ' ind2='0' tag='650'><subfield code='a'>Zionism</subfield><subfield code='x'>Philosophy.</subfield><subfield code='0'>http://id.loc.gov/authorities/subjects/sh2008114072</subfield></datafield><datafield ind1=' ' ind2='0' tag='650'><subfield code='a'>Jewish ethics.</subfield><subfield code='0'>http://id.loc.gov/authorities/subjects/sh85045109</subfield></datafield><datafield ind1=' ' ind2='0' tag='650'><subfield code='a'>Political violence</subfield><subfield code='z'>Israel.</subfield></datafield><datafield ind1=' ' ind2='0' tag='830'><subfield code='a'>New directions in critical theory.</subfield><subfield code='0'>http://id.loc.gov/authorities/names/no2007039389</subfield></datafield><datafield ind1='0' ind2='0' tag='852'><subfield code='h'>DS149 .B98 2012</subfield><subfield code='0'>5636527</subfield><subfield code='b'>scsbcul</subfield></datafield><datafield ind1=' ' ind2=' ' tag='876'><subfield code='0'>5636527</subfield><subfield code='a'>8323819</subfield><subfield code='h'> </subfield><subfield code='j'>Available</subfield><subfield code='p'>CU18250866</subfield><subfield code='t'>1</subfield><subfield code='x'>Shared</subfield><subfield code='z'>CU</subfield><subfield code='l'>RECAP</subfield></datafield></record>