
<record><leader>00000cam a2200337Ma 4500</leader><controlfield tag='001'>SCSB-12501106</controlfield><controlfield tag='005'>20160930132100.0</controlfield><controlfield tag='008'>100426s2010    it            000 1 ita d</controlfield><controlfield tag='009'>990147998780203941</controlfield><datafield ind1=' ' ind2=' ' tag='020'><subfield code='a'>9788888620770</subfield></datafield><datafield ind1=' ' ind2=' ' tag='020'><subfield code='a'>888862077X</subfield></datafield><datafield ind1=' ' ind2=' ' tag='035'><subfield code='a'>(OCoLC)609529792</subfield></datafield><datafield ind1=' ' ind2=' ' tag='040'><subfield code='a'>C3L</subfield><subfield code='b'>eng</subfield><subfield code='c'>C3L</subfield><subfield code='d'>YUS</subfield><subfield code='d'>OCLCQ</subfield></datafield><datafield ind1=' ' ind2=' ' tag='043'><subfield code='a'>e-it---</subfield></datafield><datafield ind1=' ' ind2=' ' tag='045'><subfield code='a'>x4x-</subfield></datafield><datafield ind1='1' ind2='4' tag='050'><subfield code='a'>PQ4879.O4225</subfield><subfield code='b'>D38 2010</subfield></datafield><datafield ind1='0' ind2='4' tag='082'><subfield code='a'>853</subfield><subfield code='2'>21</subfield></datafield><datafield ind1='1' ind2=' ' tag='100'><subfield code='a'>Sollima, Renato.</subfield></datafield><datafield ind1='1' ind2='0' tag='245'><subfield code='a'>Davanti alla porta delle ombre /</subfield><subfield code='c'>Renato Sollima.</subfield></datafield><datafield ind1=' ' ind2=' ' tag='260'><subfield code='a'>Roma :</subfield><subfield code='b'>Scienze e lettere,</subfield><subfield code='c'>c2010.</subfield></datafield><datafield ind1=' ' ind2=' ' tag='300'><subfield code='a'>208 pages ;</subfield><subfield code='c'>21 cm.</subfield></datafield><datafield ind1=' ' ind2=' ' tag='336'><subfield code='a'>text</subfield><subfield code='b'>txt</subfield><subfield code='2'>rdacontent</subfield></datafield><datafield ind1=' ' ind2=' ' tag='337'><subfield code='a'>unmediated</subfield><subfield code='b'>n</subfield><subfield code='2'>rdamedia</subfield></datafield><datafield ind1=' ' ind2=' ' tag='338'><subfield code='a'>volume</subfield><subfield code='b'>nc</subfield><subfield code='2'>rdacarrier</subfield></datafield><datafield ind1='1' ind2=' ' tag='490'><subfield code='a'>Narrativa ;</subfield><subfield code='v'>5</subfield></datafield><datafield ind1=' ' ind2=' ' tag='500'><subfield code='a'>Novel.</subfield></datafield><datafield ind1=' ' ind2='0' tag='830'><subfield code='a'>Narrativa (Scienze e lettere (Firm)) ;</subfield><subfield code='v'>5.</subfield></datafield><datafield ind1='1' ind2=' ' tag='583'><subfield code='a'>committed to retain</subfield><subfield code='c'>20181001</subfield><subfield code='d'>in perpetuity</subfield><subfield code='f'>ReCAP Shared Collection</subfield><subfield code='5'>HUL</subfield><subfield code='8'>222182674980003941</subfield></datafield><datafield ind1=' ' ind2=' ' tag='901'><subfield code='a'>8a3ea6a7-6164-4b6e-9cbd-574ea94af9b8</subfield><subfield code='b'>25</subfield><subfield code='c'>false</subfield></datafield><datafield ind1='0' ind2=' ' tag='852'><subfield code='c'>HD</subfield><subfield code='h'>PQ4879.O4225</subfield><subfield code='i'>D38 2010</subfield><subfield code='0'>13340809</subfield><subfield code='b'>scsbhl</subfield></datafield><datafield ind1=' ' ind2=' ' tag='876'><subfield code='0'>13340809</subfield><subfield code='a'>19152972</subfield><subfield code='h'> </subfield><subfield code='j'>Available</subfield><subfield code='k'>WID</subfield><subfield code='p'>32044131173783</subfield><subfield code='x'>Shared</subfield><subfield code='z'>HW</subfield><subfield code='l'>HD</subfield></datafield></record>