
<record><leader>00000nam a2200253 a 4500</leader><controlfield tag='001'>SCSB-13420181</controlfield><controlfield tag='005'>20120614155738.0</controlfield><controlfield tag='008'>120518s2011    it            000 1 ita d</controlfield><controlfield tag='009'>990132237890203941</controlfield><datafield ind1=' ' ind2=' ' tag='020'><subfield code='a'>9788866870098 :</subfield><subfield code='c'>12.00 EUR</subfield></datafield><datafield ind1=' ' ind2=' ' tag='035'><subfield code='a'>(OCoLC)794031523</subfield></datafield><datafield ind1=' ' ind2=' ' tag='040'><subfield code='a'>ItFiC</subfield><subfield code='c'>ItFiC</subfield></datafield><datafield ind1=' ' ind2=' ' tag='043'><subfield code='a'>e-it---</subfield></datafield><datafield ind1='0' ind2='0' tag='050'><subfield code='a'>PQ4879.O4225</subfield><subfield code='b'>T38 2011</subfield></datafield><datafield ind1='1' ind2=' ' tag='100'><subfield code='a'>Sollima, Renato.</subfield></datafield><datafield ind1='1' ind2='3' tag='245'><subfield code='a'>Le tavole di Ganimede /</subfield><subfield code='c'>Renato Sollima.</subfield></datafield><datafield ind1=' ' ind2=' ' tag='260'><subfield code='a'>Roma :</subfield><subfield code='b'>Scienze e lettere,</subfield><subfield code='c'>c2011.</subfield></datafield><datafield ind1=' ' ind2=' ' tag='300'><subfield code='a'>297 p. ;</subfield><subfield code='c'>22 cm.</subfield></datafield><datafield ind1='1' ind2=' ' tag='490'><subfield code='a'>Narrativa ;</subfield><subfield code='v'>7</subfield></datafield><datafield ind1=' ' ind2='0' tag='830'><subfield code='a'>Narrativa (Scienze e lettere (Firm)) ;</subfield><subfield code='v'>7.</subfield></datafield><datafield ind1='1' ind2=' ' tag='583'><subfield code='a'>committed to retain</subfield><subfield code='c'>20181001</subfield><subfield code='d'>in perpetuity</subfield><subfield code='f'>ReCAP Shared Collection</subfield><subfield code='5'>HUL</subfield><subfield code='8'>222152816950003941</subfield></datafield><datafield ind1=' ' ind2=' ' tag='901'><subfield code='a'>69f40c40-dc82-47f0-ab76-8499915f51ae</subfield><subfield code='b'>25</subfield><subfield code='c'>false</subfield></datafield><datafield ind1='0' ind2=' ' tag='852'><subfield code='c'>RD</subfield><subfield code='h'>PQ4879.O4225</subfield><subfield code='i'>T38 2011</subfield><subfield code='0'>14294466</subfield><subfield code='b'>scsbhl</subfield></datafield><datafield ind1=' ' ind2=' ' tag='876'><subfield code='0'>14294466</subfield><subfield code='a'>20590754</subfield><subfield code='h'> </subfield><subfield code='j'>Available</subfield><subfield code='k'>WID</subfield><subfield code='p'>32044124008095</subfield><subfield code='x'>Shared</subfield><subfield code='z'>HV</subfield><subfield code='l'>RECAP</subfield></datafield></record>