
<record><leader>01014cam a22003138a 4500</leader><controlfield tag='001'>SCSB-7082292</controlfield><controlfield tag='005'>20000629175948.0</controlfield><controlfield tag='008'>880421s1988    enk      br   001 0 eng  </controlfield><controlfield tag='009'>.b111780275</controlfield><datafield ind1=' ' ind2=' ' tag='010'><subfield code='a'>87030403</subfield></datafield><datafield ind1=' ' ind2=' ' tag='020'><subfield code='a'>0709913478</subfield></datafield><datafield ind1=' ' ind2=' ' tag='040'><subfield code='d'>NN</subfield><subfield code='d'>WaOLN</subfield></datafield><datafield ind1=' ' ind2=' ' tag='043'><subfield code='a'>a------</subfield><subfield code='a'>f------</subfield></datafield><datafield ind1='0' ind2='0' tag='050'><subfield code='a'>HG3368.A5</subfield><subfield code='b'>D57 1988</subfield></datafield><datafield ind1='0' ind2='0' tag='082'><subfield code='a'>332.1/025/17671</subfield><subfield code='2'>19</subfield></datafield><datafield ind1='0' ind2='0' tag='245'><subfield code='a'>Directory of Islamic financial institutions /</subfield><subfield code='c'>edited by John R. Presley.</subfield></datafield><datafield ind1=' ' ind2=' ' tag='260'><subfield code='a'>London ;</subfield><subfield code='a'>New York :</subfield><subfield code='b'>Croom Helm,</subfield><subfield code='c'>c1988.</subfield></datafield><datafield ind1=' ' ind2=' ' tag='263'><subfield code='a'>8802</subfield></datafield><datafield ind1=' ' ind2=' ' tag='300'><subfield code='a'>ix, 353 p. ;</subfield><subfield code='c'>24 cm.</subfield></datafield><datafield ind1=' ' ind2=' ' tag='500'><subfield code='a'>Includes index.</subfield></datafield><datafield ind1=' ' ind2=' ' tag='504'><subfield code='a'>Bibliography: p. 78-96.</subfield></datafield><datafield ind1=' ' ind2='0' tag='650'><subfield code='a'>Banks and banking</subfield><subfield code='z'>Islamic countries</subfield><subfield code='v'>Directories.</subfield></datafield><datafield ind1=' ' ind2='0' tag='650'><subfield code='a'>Banks and banking</subfield><subfield code='z'>Islamic countries.</subfield></datafield><datafield ind1='1' ind2=' ' tag='700'><subfield code='a'>Presley, John R.</subfield></datafield><datafield ind1=' ' ind2=' ' tag='907'><subfield code='a'>.b111780275</subfield><subfield code='c'>m</subfield><subfield code='d'>a</subfield><subfield code='e'>-</subfield><subfield code='f'>eng</subfield><subfield code='g'>enk</subfield><subfield code='h'>0</subfield><subfield code='i'>1</subfield></datafield><datafield ind1=' ' ind2=' ' tag='991'><subfield code='y'>16923223</subfield></datafield><datafield ind1=' ' ind2=' ' tag='035'><subfield code='a'>(OCoLC)16923223</subfield></datafield><datafield ind1=' ' ind2=' ' tag='901'><subfield code='a'>cfd69fdf-8597-4a19-8cb0-7590db586e07</subfield><subfield code='b'>29</subfield><subfield code='c'>false</subfield></datafield><datafield ind1='8' ind2=' ' tag='852'><subfield code='h'>JLE 88-3705</subfield><subfield code='0'>7172182</subfield><subfield code='b'>scsbnypl</subfield></datafield><datafield ind1=' ' ind2=' ' tag='876'><subfield code='0'>7172182</subfield><subfield code='a'>11603905</subfield><subfield code='j'>Available</subfield><subfield code='p'>33433033613286</subfield><subfield code='t'>1</subfield><subfield code='x'>Open</subfield><subfield code='z'>NA</subfield><subfield code='l'>RECAP</subfield></datafield></record>