
<record><leader>01269cam a2200373 a 4500</leader><controlfield tag='001'>SCSB-2619173</controlfield><controlfield tag='003'>NNC</controlfield><controlfield tag='005'>20220525214504.0</controlfield><controlfield tag='008'>880422t19881988enk      br   000 0 eng  </controlfield><controlfield tag='009'>643436</controlfield><datafield ind1=' ' ind2=' ' tag='010'><subfield code='a'>   87030403 </subfield></datafield><datafield ind1=' ' ind2=' ' tag='020'><subfield code='a'>0709913478</subfield></datafield><datafield ind1=' ' ind2=' ' tag='035'><subfield code='a'>(OCoLC)16923223</subfield></datafield><datafield ind1=' ' ind2=' ' tag='035'><subfield code='a'>(OCoLC)ocm16923223</subfield></datafield><datafield ind1=' ' ind2=' ' tag='035'><subfield code='a'>(CStRLIN)NYCG88-B29142</subfield></datafield><datafield ind1=' ' ind2=' ' tag='035'><subfield code='9'>ACV0279CU</subfield></datafield><datafield ind1=' ' ind2=' ' tag='035'><subfield code='a'>(NNC)643436</subfield></datafield><datafield ind1=' ' ind2=' ' tag='035'><subfield code='a'>643436</subfield></datafield><datafield ind1=' ' ind2=' ' tag='040'><subfield code='d'>NjR</subfield></datafield><datafield ind1=' ' ind2=' ' tag='043'><subfield code='a'>a------</subfield><subfield code='a'>f------</subfield></datafield><datafield ind1='0' ind2='0' tag='050'><subfield code='a'>HG3368.A5</subfield><subfield code='b'>D57 1988</subfield></datafield><datafield ind1='0' ind2=' ' tag='082'><subfield code='a'>332.1/025/17671</subfield><subfield code='2'>19</subfield></datafield><datafield ind1=' ' ind2=' ' tag='090'><subfield code='a'>HG3368.A5</subfield><subfield code='b'>D57 1988</subfield></datafield><datafield ind1='0' ind2='2' tag='245'><subfield code='a'>A Directory of Islamic financial institutions /</subfield><subfield code='c'>edited by John R. Presley.</subfield></datafield><datafield ind1=' ' ind2=' ' tag='260'><subfield code='a'>London ;</subfield><subfield code='a'>New York :</subfield><subfield code='b'>Croom Helm,</subfield><subfield code='c'>[1988], ©1988.</subfield></datafield><datafield ind1=' ' ind2=' ' tag='300'><subfield code='a'>ix, 353 pages ;</subfield><subfield code='c'>24 cm</subfield></datafield><datafield ind1=' ' ind2=' ' tag='336'><subfield code='a'>text</subfield><subfield code='2'>rdacontent</subfield></datafield><datafield ind1=' ' ind2=' ' tag='337'><subfield code='a'>unmediated</subfield><subfield code='2'>rdamedia</subfield></datafield><datafield ind1=' ' ind2=' ' tag='338'><subfield code='a'>volume</subfield><subfield code='2'>rdacarrier</subfield></datafield><datafield ind1=' ' ind2=' ' tag='504'><subfield code='a'>Bibliography: p. 78-96.</subfield></datafield><datafield ind1=' ' ind2='0' tag='650'><subfield code='a'>Banks and banking</subfield><subfield code='z'>Islamic countries</subfield><subfield code='v'>Directories.</subfield></datafield><datafield ind1=' ' ind2='0' tag='650'><subfield code='a'>Banks and banking</subfield><subfield code='z'>Islamic countries.</subfield><subfield code='0'>http://id.loc.gov/authorities/subjects/sh85011639</subfield></datafield><datafield ind1='1' ind2=' ' tag='700'><subfield code='a'>Presley, John R.</subfield><subfield code='0'>http://id.loc.gov/authorities/names/n78081177</subfield></datafield><datafield ind1='2' ind2=' ' tag='710'><subfield code='a'>International Centre for Islamic Studies.</subfield><subfield code='0'>http://id.loc.gov/authorities/names/n87843556</subfield></datafield><datafield ind1=' ' ind2=' ' tag='901'><subfield code='a'>cfd69fdf-8597-4a19-8cb0-7590db586e07</subfield><subfield code='b'>29</subfield><subfield code='c'>false</subfield></datafield><datafield ind1='0' ind2='0' tag='852'><subfield code='h'>HG3368.A5 D57 1988</subfield><subfield code='0'>2596771</subfield><subfield code='b'>scsbcul</subfield></datafield><datafield ind1=' ' ind2=' ' tag='876'><subfield code='0'>2596771</subfield><subfield code='a'>4146977</subfield><subfield code='h'> </subfield><subfield code='j'>Available</subfield><subfield code='p'>CU60283661</subfield><subfield code='t'>1</subfield><subfield code='x'>Shared</subfield><subfield code='z'>CU</subfield><subfield code='l'>RECAP</subfield></datafield></record>