
<record><leader>02277pam a2200505 i 4500</leader><controlfield tag='001'>SCSB-9397255</controlfield><controlfield tag='003'>NNC</controlfield><controlfield tag='005'>20230126031918.0</controlfield><controlfield tag='008'>150226t20162016enka     b    001 0 eng  </controlfield><controlfield tag='009'>11819162</controlfield><datafield ind1=' ' ind2=' ' tag='010'><subfield code='a'>  2015005428</subfield></datafield><datafield ind1=' ' ind2=' ' tag='019'><subfield code='a'>898909882</subfield><subfield code='a'>907081184</subfield></datafield><datafield ind1=' ' ind2=' ' tag='020'><subfield code='a'>9781137515650</subfield><subfield code='q'>hardcover</subfield></datafield><datafield ind1=' ' ind2=' ' tag='020'><subfield code='a'>1137515651</subfield><subfield code='q'>hardcover</subfield></datafield><datafield ind1=' ' ind2=' ' tag='024'><subfield code='a'>99966511876</subfield></datafield><datafield ind1=' ' ind2=' ' tag='035'><subfield code='a'>(OCoLC)ocn898925090</subfield></datafield><datafield ind1=' ' ind2=' ' tag='035'><subfield code='a'>(OCoLC)898925090</subfield><subfield code='z'>(OCoLC)898909882</subfield><subfield code='z'>(OCoLC)907081184</subfield></datafield><datafield ind1=' ' ind2=' ' tag='035'><subfield code='a'>(NNC)11819162</subfield></datafield><datafield ind1=' ' ind2=' ' tag='035'><subfield code='a'>11819162</subfield></datafield><datafield ind1=' ' ind2=' ' tag='040'><subfield code='a'>DLC</subfield><subfield code='b'>eng</subfield><subfield code='e'>rda</subfield><subfield code='c'>DLC</subfield><subfield code='d'>BTCTA</subfield><subfield code='d'>BDX</subfield><subfield code='d'>YDXCP</subfield><subfield code='d'>OCLCF</subfield><subfield code='d'>NhCcYBP</subfield></datafield><datafield ind1=' ' ind2=' ' tag='042'><subfield code='a'>pcc</subfield></datafield><datafield ind1=' ' ind2=' ' tag='043'><subfield code='a'>a------</subfield><subfield code='a'>f------</subfield></datafield><datafield ind1='0' ind2='0' tag='050'><subfield code='a'>HG3368.A6</subfield><subfield code='b'>L66 2016</subfield></datafield><datafield ind1='0' ind2='0' tag='082'><subfield code='a'>332.10917/67</subfield><subfield code='2'>23</subfield></datafield><datafield ind1='1' ind2=' ' tag='100'><subfield code='a'>Lone, Fayaz,</subfield><subfield code='e'>author.</subfield><subfield code='4'>http://id.loc.gov/vocabulary/relators/aut</subfield><subfield code='0'>http://id.loc.gov/authorities/names/n2015012569</subfield></datafield><datafield ind1='1' ind2='0' tag='245'><subfield code='a'>Islamic banks and financial institutions :</subfield><subfield code='b'>a study of their objectives and achievements /</subfield><subfield code='c'>Fayaz Ahmad Lone.</subfield></datafield><datafield ind1=' ' ind2='1' tag='264'><subfield code='a'>Houndmills, Basingstoke, Hampshire ;</subfield><subfield code='a'>New York, NY :</subfield><subfield code='b'>Palgrave Macmillan,</subfield><subfield code='c'>2016.</subfield></datafield><datafield ind1=' ' ind2='4' tag='264'><subfield code='c'>©2016</subfield></datafield><datafield ind1=' ' ind2=' ' tag='300'><subfield code='a'>xviii, 201 pages ;</subfield><subfield code='c'>23 cm.</subfield></datafield><datafield ind1=' ' ind2=' ' tag='336'><subfield code='a'>text</subfield><subfield code='b'>txt</subfield><subfield code='2'>rdacontent</subfield></datafield><datafield ind1=' ' ind2=' ' tag='337'><subfield code='a'>unmediated</subfield><subfield code='b'>n</subfield><subfield code='2'>rdamedia</subfield></datafield><datafield ind1=' ' ind2=' ' tag='338'><subfield code='a'>volume</subfield><subfield code='b'>nc</subfield><subfield code='2'>rdacarrier</subfield></datafield><datafield ind1='1' ind2=' ' tag='490'><subfield code='a'>Palgrave Macmillan studies in banking and fnancial institutions</subfield></datafield><datafield ind1=' ' ind2=' ' tag='504'><subfield code='a'>Includes bibliographical references and index.</subfield></datafield><datafield ind1=' ' ind2='0' tag='650'><subfield code='a'>Banks and banking</subfield><subfield code='z'>Islamic countries.</subfield><subfield code='0'>http://id.loc.gov/authorities/subjects/sh85011639</subfield></datafield><datafield ind1=' ' ind2='0' tag='650'><subfield code='a'>Banks and banking</subfield><subfield code='x'>Religious aspects</subfield><subfield code='x'>Islam.</subfield><subfield code='0'>http://id.loc.gov/authorities/subjects/sh88004780</subfield></datafield><datafield ind1=' ' ind2='0' tag='650'><subfield code='a'>Financial institutions</subfield><subfield code='z'>Islamic countries.</subfield></datafield><datafield ind1=' ' ind2='0' tag='650'><subfield code='a'>Finance</subfield><subfield code='x'>Religious aspects</subfield><subfield code='x'>Islam.</subfield><subfield code='0'>http://id.loc.gov/authorities/subjects/sh2008120490</subfield></datafield><datafield ind1=' ' ind2='7' tag='650'><subfield code='a'>Banks and banking.</subfield><subfield code='2'>fast</subfield><subfield code='0'>(OCoLC)fst00826867</subfield></datafield><datafield ind1=' ' ind2='7' tag='650'><subfield code='a'>Banks and banking</subfield><subfield code='x'>Religious aspects</subfield><subfield code='x'>Islam.</subfield><subfield code='2'>fast</subfield><subfield code='0'>(OCoLC)fst00826975</subfield></datafield><datafield ind1=' ' ind2='7' tag='650'><subfield code='a'>Finance</subfield><subfield code='x'>Religious aspects</subfield><subfield code='x'>Islam.</subfield><subfield code='2'>fast</subfield><subfield code='0'>(OCoLC)fst00924411</subfield></datafield><datafield ind1=' ' ind2='7' tag='650'><subfield code='a'>Financial institutions.</subfield><subfield code='2'>fast</subfield><subfield code='0'>(OCoLC)fst00924636</subfield></datafield><datafield ind1=' ' ind2='7' tag='651'><subfield code='a'>Islamic countries.</subfield><subfield code='2'>fast</subfield><subfield code='0'>(OCoLC)fst01244130</subfield></datafield><datafield ind1=' ' ind2='0' tag='830'><subfield code='a'>Palgrave Macmillan studies in banking and financial institutions.</subfield><subfield code='0'>http://id.loc.gov/authorities/names/n2004153773</subfield></datafield><datafield ind1='0' ind2='0' tag='852'><subfield code='h'>HG3368.A6 L66 2016</subfield><subfield code='0'>9910062</subfield><subfield code='b'>scsbcul</subfield></datafield><datafield ind1=' ' ind2=' ' tag='876'><subfield code='0'>9910062</subfield><subfield code='a'>15600032</subfield><subfield code='h'> </subfield><subfield code='j'>Available</subfield><subfield code='p'>CU75362791</subfield><subfield code='t'>1</subfield><subfield code='x'>Shared</subfield><subfield code='z'>CU</subfield><subfield code='l'>RECAP</subfield></datafield></record>