
<record><leader>01289cam a2200325Mi 4500</leader><controlfield tag='001'>SCSB-13601929</controlfield><controlfield tag='003'>NNC</controlfield><controlfield tag='005'>20230119034615.0</controlfield><controlfield tag='008'>801020s1889    nyua    rbeg  001 0aeng d</controlfield><controlfield tag='009'>10727812</controlfield><datafield ind1=' ' ind2=' ' tag='010'><subfield code='a'>   06022201 </subfield></datafield><datafield ind1=' ' ind2=' ' tag='035'><subfield code='a'>(OCoLC)ocn459901836</subfield></datafield><datafield ind1=' ' ind2=' ' tag='035'><subfield code='a'>(OCoLC)459901836</subfield></datafield><datafield ind1=' ' ind2=' ' tag='035'><subfield code='a'>(NNC)10727812</subfield></datafield><datafield ind1=' ' ind2=' ' tag='035'><subfield code='a'>10727812</subfield></datafield><datafield ind1=' ' ind2=' ' tag='040'><subfield code='a'>PPL</subfield><subfield code='b'>eng</subfield><subfield code='c'>RIOSL</subfield><subfield code='d'>OCLCQ</subfield><subfield code='d'>OCLCO</subfield></datafield><datafield ind1=' ' ind2='0' tag='050'><subfield code='a'>LB637.A2</subfield><subfield code='b'>M5 1889</subfield></datafield><datafield ind1='1' ind2=' ' tag='100'><subfield code='a'>Fröbel, Friedrich,</subfield><subfield code='d'>1782-1852.</subfield><subfield code='0'>http://id.loc.gov/authorities/names/n50027096</subfield></datafield><datafield ind1='1' ind2='0' tag='245'><subfield code='a'>Autobiography of Friedrich Froebel /</subfield><subfield code='c'>translated and annotated by Emilie Michaelis and H. Keatley Moore.</subfield></datafield><datafield ind1=' ' ind2=' ' tag='260'><subfield code='a'>Syracuse, N.Y. :</subfield><subfield code='b'>C.W. Bardeen,</subfield><subfield code='c'>1889.</subfield></datafield><datafield ind1=' ' ind2=' ' tag='300'><subfield code='a'>xv, 167 pages</subfield></datafield><datafield ind1=' ' ind2=' ' tag='336'><subfield code='a'>text</subfield><subfield code='b'>txt</subfield><subfield code='2'>rdacontent</subfield></datafield><datafield ind1=' ' ind2=' ' tag='337'><subfield code='a'>unmediated</subfield><subfield code='b'>n</subfield><subfield code='2'>rdamedia</subfield></datafield><datafield ind1=' ' ind2=' ' tag='504'><subfield code='a'>Includes bibliographical references (pages 145-152) and index.</subfield></datafield><datafield ind1=' ' ind2=' ' tag='533'><subfield code='a'>Photocopy.</subfield><subfield code='b'>Ann Arbor, Mich, :</subfield><subfield code='c'>University Microfilms,</subfield><subfield code='d'>1980.</subfield><subfield code='7'>s1980    nyun r</subfield></datafield><datafield ind1='1' ind2='0' tag='600'><subfield code='a'>Fröbel, Friedrich,</subfield><subfield code='d'>1782-1852.</subfield><subfield code='0'>http://id.loc.gov/authorities/names/n50027096</subfield></datafield><datafield ind1='1' ind2=' ' tag='700'><subfield code='a'>Michaelis, Emilie.</subfield><subfield code='0'>http://id.loc.gov/authorities/names/nb2001020714</subfield></datafield><datafield ind1='1' ind2=' ' tag='700'><subfield code='a'>Moore, H. Keatley.</subfield><subfield code='0'>http://id.loc.gov/authorities/names/nb2001020729</subfield></datafield><datafield ind1='8' ind2='0' tag='852'><subfield code='h'>92F921 F</subfield><subfield code='0'>14506193</subfield><subfield code='b'>scsbcul</subfield></datafield><datafield ind1=' ' ind2=' ' tag='876'><subfield code='0'>14506193</subfield><subfield code='a'>20857857</subfield><subfield code='h'> </subfield><subfield code='j'>Available</subfield><subfield code='p'>CU23405651</subfield><subfield code='t'>1</subfield><subfield code='x'>Open</subfield><subfield code='z'>CU</subfield><subfield code='l'>RECAP</subfield></datafield></record>