
<record><leader>01184cam a2200277Ia 4500</leader><controlfield tag='001'>SCSB-7773521</controlfield><controlfield tag='003'>OCoLC</controlfield><controlfield tag='005'>20000629191122.0</controlfield><controlfield tag='008'>851012t18971877mau           000 0beng d</controlfield><controlfield tag='009'>.b133754224</controlfield><datafield ind1=' ' ind2=' ' tag='040'><subfield code='a'>ANC</subfield><subfield code='c'>ANC</subfield><subfield code='d'>NYP</subfield><subfield code='d'>WaOLN</subfield></datafield><datafield ind1='1' ind2=' ' tag='041'><subfield code='a'>eng</subfield><subfield code='h'>ger</subfield></datafield><datafield ind1=' ' ind2=' ' tag='049'><subfield code='a'>NYPG</subfield></datafield><datafield ind1='1' ind2=' ' tag='100'><subfield code='a'>Marenholtz-Bülow, Bertha Maria,</subfield><subfield code='c'>freifrau von,</subfield><subfield code='d'>1810-1893.</subfield></datafield><datafield ind1='1' ind2='0' tag='245'><subfield code='a'>Reminiscences of Friedrich Froebel /</subfield><subfield code='c'>by B. von Marenholz-Bülow ; translated by Mrs. Horace Mann ; with a sketch of the life of Friedrich Froebel by Emily Shirreff.</subfield></datafield><datafield ind1=' ' ind2=' ' tag='260'><subfield code='a'>Boston :</subfield><subfield code='b'>Lee and Shepard,</subfield><subfield code='c'>1897, c1877.</subfield></datafield><datafield ind1=' ' ind2=' ' tag='300'><subfield code='a'>359 p. ;</subfield><subfield code='c'>20 cm.</subfield></datafield><datafield ind1=' ' ind2=' ' tag='500'><subfield code='a'>First published 1877.</subfield></datafield><datafield ind1='1' ind2='0' tag='600'><subfield code='a'>Fröbel, Friedrich,</subfield><subfield code='d'>1782-1852.</subfield></datafield><datafield ind1=' ' ind2='0' tag='650'><subfield code='a'>Educators</subfield><subfield code='z'>Germany</subfield><subfield code='v'>Biography.</subfield></datafield><datafield ind1='1' ind2=' ' tag='700'><subfield code='a'>Mann, Mary Tyler Peabody,</subfield><subfield code='d'>1806-1887.</subfield></datafield><datafield ind1='1' ind2=' ' tag='700'><subfield code='a'>Shirreff, Emily Anne Eliza,</subfield><subfield code='d'>1814-1897.</subfield></datafield><datafield ind1=' ' ind2=' ' tag='907'><subfield code='a'>.b133754224</subfield><subfield code='c'>m</subfield><subfield code='d'>a</subfield><subfield code='e'>-</subfield><subfield code='f'>eng</subfield><subfield code='g'>mau</subfield><subfield code='h'>0</subfield><subfield code='i'>1</subfield></datafield><datafield ind1=' ' ind2=' ' tag='035'><subfield code='a'>(OCoLC)12670556</subfield></datafield><datafield ind1='8' ind2=' ' tag='852'><subfield code='h'>SSK (Marenholtz-Buelow, B. von. Reminiscences of Friedrich Froebel. 1897)</subfield><subfield code='0'>7910015</subfield><subfield code='b'>scsbnypl</subfield></datafield><datafield ind1=' ' ind2=' ' tag='876'><subfield code='0'>7910015</subfield><subfield code='a'>12973035</subfield><subfield code='h'>In Library Use</subfield><subfield code='j'>Available</subfield><subfield code='p'>33433091967764</subfield><subfield code='t'>1</subfield><subfield code='x'>Shared</subfield><subfield code='z'>NA</subfield><subfield code='l'>RECAP</subfield></datafield></record>