
<record><leader>00000cam  2200265I  4500</leader><controlfield tag='001'>SCSB-7773524</controlfield><controlfield tag='003'>OCoLC</controlfield><controlfield tag='005'>19990226103934.7</controlfield><controlfield tag='008'>790530s1877    mau           000 0beng  camI  </controlfield><controlfield tag='009'>.b133754200</controlfield><datafield ind1='1' ind2=' ' tag='100'><subfield code='a'>Marenholtz-Bülow, Bertha Maria,</subfield><subfield code='c'>freifrau von,</subfield><subfield code='d'>1810-1893.</subfield></datafield><datafield ind1='1' ind2=' ' tag='700'><subfield code='a'>Mann, Mary Tyler Peabody,</subfield><subfield code='d'>1806-1887.</subfield><subfield code='4'>trl</subfield></datafield><datafield ind1='1' ind2=' ' tag='700'><subfield code='a'>Shirreff, Emily Anne Eliza,</subfield><subfield code='d'>1814-1897.</subfield></datafield><datafield ind1='1' ind2='0' tag='600'><subfield code='a'>Fröbel, Friedrich,</subfield><subfield code='d'>1782-1852.</subfield></datafield><datafield ind1=' ' ind2=' ' tag='010'><subfield code='a'>04017044</subfield></datafield><datafield ind1=' ' ind2=' ' tag='260'><subfield code='a'>Boston,</subfield><subfield code='b'>Lee &amp; Shepard;</subfield><subfield code='a'>New York,</subfield><subfield code='b'>C. T. Dillingham,</subfield><subfield code='c'>1877.</subfield></datafield><datafield ind1=' ' ind2=' ' tag='300'><subfield code='a'>3 p.</subfield></datafield><datafield ind1='1' ind2='0' tag='245'><subfield code='a'>Reminiscences of Friedrich Froebel.</subfield><subfield code='c'>By B. von Marenholtz-Bülow. Translated by Mrs. Horace Mann. With a sketch of the life of Friedrich Froebel by Emily Shirreff.</subfield></datafield><datafield ind1=' ' ind2=' ' tag='040'><subfield code='a'>DLC</subfield><subfield code='c'>CUS</subfield><subfield code='d'>OCL</subfield><subfield code='d'>NYP</subfield><subfield code='d'>WaOLN</subfield></datafield><datafield ind1=' ' ind2=' ' tag='049'><subfield code='a'>NYPG</subfield></datafield><datafield ind1=' ' ind2='0' tag='050'><subfield code='a'>LB637</subfield><subfield code='b'>.M3 1877</subfield></datafield><datafield ind1=' ' ind2='0' tag='908'><subfield code='a'>LB637</subfield><subfield code='b'>.M3 1877</subfield></datafield><datafield ind1=' ' ind2=' ' tag='946'><subfield code='a'>r</subfield></datafield><datafield ind1=' ' ind2=' ' tag='997'><subfield code='a'>hg</subfield><subfield code='b'>08-27-99</subfield><subfield code='c'>m</subfield><subfield code='d'>a</subfield><subfield code='e'>-</subfield><subfield code='f'>eng</subfield><subfield code='g'>mau</subfield><subfield code='h'>0</subfield></datafield><datafield ind1=' ' ind2=' ' tag='910'><subfield code='a'>RL</subfield></datafield><datafield ind1='0' ind2='0' tag='907'><subfield code='a'>.b133754200</subfield></datafield><datafield ind1=' ' ind2=' ' tag='035'><subfield code='a'>(OCoLC)5016996</subfield></datafield><datafield ind1=' ' ind2=' ' tag='901'><subfield code='a'>d8e5dc6d-484f-4eb8-92cd-a125ac9361fe</subfield><subfield code='b'>13</subfield><subfield code='c'>false</subfield></datafield><datafield ind1='8' ind2=' ' tag='852'><subfield code='h'>SSK (Marenholtz-Buelow, B. von. Reminiscences of Friedrich Froebel. 1877)</subfield><subfield code='0'>7910018</subfield><subfield code='b'>scsbnypl</subfield></datafield><datafield ind1=' ' ind2=' ' tag='876'><subfield code='0'>7910018</subfield><subfield code='a'>12973038</subfield><subfield code='h'>In Library Use</subfield><subfield code='j'>Available</subfield><subfield code='p'>33433091967731</subfield><subfield code='t'>2</subfield><subfield code='x'>Open</subfield><subfield code='z'>NA</subfield><subfield code='l'>RECAP</subfield></datafield><datafield ind1=' ' ind2=' ' tag='876'><subfield code='0'>7910018</subfield><subfield code='a'>12973039</subfield><subfield code='h'>In Library Use</subfield><subfield code='j'>Available</subfield><subfield code='p'>33433100373327</subfield><subfield code='t'>1</subfield><subfield code='x'>Open</subfield><subfield code='z'>NA</subfield><subfield code='l'>RECAP</subfield></datafield></record>