
<record><leader>02726cam a2200481Mi 4500</leader><controlfield tag='001'>SCSB-14067951</controlfield><controlfield tag='003'>NNC</controlfield><controlfield tag='005'>20240625231102.0</controlfield><controlfield tag='008'>210331t20192019sz abe   b    001 0 ger d</controlfield><controlfield tag='009'>15425371</controlfield><datafield ind1='7' ind2=' ' tag='016'><subfield code='a'>1171838883</subfield><subfield code='2'>DE-101</subfield></datafield><datafield ind1=' ' ind2=' ' tag='020'><subfield code='a'>9783856763862</subfield><subfield code='q'>paperback</subfield></datafield><datafield ind1=' ' ind2=' ' tag='020'><subfield code='a'>3856763864</subfield></datafield><datafield ind1='3' ind2=' ' tag='024'><subfield code='a'>9783856763862</subfield></datafield><datafield ind1=' ' ind2=' ' tag='035'><subfield code='a'>(OCoLC)on1101111268</subfield></datafield><datafield ind1=' ' ind2=' ' tag='035'><subfield code='a'>(OCoLC)1101111268</subfield></datafield><datafield ind1=' ' ind2=' ' tag='035'><subfield code='a'>15425371</subfield></datafield><datafield ind1=' ' ind2=' ' tag='040'><subfield code='a'>OHX</subfield><subfield code='b'>eng</subfield><subfield code='c'>OHX</subfield><subfield code='d'>COO</subfield><subfield code='d'>OCLCO</subfield><subfield code='d'>OCLCF</subfield><subfield code='d'>DDO</subfield><subfield code='d'>OCLCO</subfield></datafield><datafield ind1=' ' ind2=' ' tag='043'><subfield code='a'>e-sz---</subfield></datafield><datafield ind1=' ' ind2=' ' tag='049'><subfield code='a'>ZCUA</subfield></datafield><datafield ind1=' ' ind2='4' tag='050'><subfield code='a'>SB466.S92</subfield><subfield code='b'>Z87 2019</subfield></datafield><datafield ind1=' ' ind2='7' tag='072'><subfield code='a'>SB</subfield><subfield code='2'>lcco</subfield></datafield><datafield ind1=' ' ind2='7' tag='072'><subfield code='a'>NA</subfield><subfield code='2'>lcco</subfield></datafield><datafield ind1='1' ind2=' ' tag='100'><subfield code='a'>Moll, Claudia,</subfield><subfield code='d'>1972-</subfield><subfield code='e'>author.</subfield><subfield code='4'>http://id.loc.gov/vocabulary/relators/aut</subfield><subfield code='0'>http://id.loc.gov/authorities/names/no2009158971</subfield></datafield><datafield ind1='1' ind2='0' tag='245'><subfield code='a'>Theodor &amp; Otto Froebel :</subfield><subfield code='b'>Gartenkultur in Zürich im 19. Jahrhundert /</subfield><subfield code='c'>Claudia Moll.</subfield></datafield><datafield ind1='3' ind2='0' tag='246'><subfield code='a'>Theodor and Otto Froebel</subfield></datafield><datafield ind1='3' ind2='0' tag='246'><subfield code='a'>Gartenkultur in Zürich im 19. Jahrhundert</subfield></datafield><datafield ind1=' ' ind2='1' tag='264'><subfield code='a'>Zürich :</subfield><subfield code='b'>gta Verlag,</subfield><subfield code='c'>[2019]</subfield></datafield><datafield ind1=' ' ind2='4' tag='264'><subfield code='c'>©2019</subfield></datafield><datafield ind1=' ' ind2=' ' tag='300'><subfield code='a'>235 pages :</subfield><subfield code='b'>illustrations (some color), maps, plans ;</subfield><subfield code='c'>30 cm</subfield></datafield><datafield ind1=' ' ind2=' ' tag='336'><subfield code='a'>text</subfield><subfield code='b'>txt</subfield><subfield code='2'>rdacontent</subfield></datafield><datafield ind1=' ' ind2=' ' tag='337'><subfield code='a'>unmediated</subfield><subfield code='b'>n</subfield><subfield code='2'>rdamedia</subfield></datafield><datafield ind1=' ' ind2=' ' tag='338'><subfield code='a'>volume</subfield><subfield code='b'>nc</subfield><subfield code='2'>rdacarrier</subfield></datafield><datafield ind1=' ' ind2=' ' tag='504'><subfield code='a'>Includes bibliographical references (pages 224-229) and index.</subfield></datafield><datafield ind1=' ' ind2=' ' tag='520'><subfield code='a'>&quot;&quot;An den Wurzeln der Profession&quot; arbeitete Theodor Froebel (1810-1893), als er in Zürich seine erste Stelle antrat: Gartenkultur war in der Schweiz bis in die 1830er Jahre eine kaum gepflegte Disziplin. Die Kunst- und Handelsgärtnerei Froebel, die er 1835 gründete und später gemeinsam mit seinem Sohn Otto Froebel (1844-1906) betrieb, prägte Zürichs Stadtgrün von den ersten Schmuckplätzen über zahllose Privatgärten bis zu den Quaianlagen. Zugleich spiegelt die Firma Aufstieg und Niedergang eines Geschäftszweiges, in dem sich Expertenwissen mit dem Unternehmergeist des Bürgertums verband. Die Landschaftsarchitektin und Architekturhistorikerin Claudia Moll geht dem Wirken dieser Pioniere der aufblühenden Schweizer Gartenkultur nach, die sich durch ein weltweites Handelsnetz mit einem opulenten, an Raritäten reichen Pflanzensortiment einen Namen machten.&quot;--</subfield><subfield code='c'>gta Verlag, ETH zürich website.</subfield></datafield><datafield ind1='1' ind2='0' tag='600'><subfield code='a'>Froebel, Theodor,</subfield><subfield code='d'>1810-1893.</subfield></datafield><datafield ind1='1' ind2='0' tag='600'><subfield code='a'>Froebel, Otto,</subfield><subfield code='d'>1844-1906.</subfield></datafield><datafield ind1=' ' ind2='0' tag='650'><subfield code='a'>Gardens</subfield><subfield code='z'>Switzerland</subfield><subfield code='z'>Zurich</subfield><subfield code='x'>History</subfield><subfield code='y'>19th century.</subfield></datafield><datafield ind1=' ' ind2='0' tag='650'><subfield code='a'>Landscape gardening</subfield><subfield code='z'>Switzerland</subfield><subfield code='z'>Zurich</subfield><subfield code='x'>History</subfield><subfield code='y'>19th century.</subfield></datafield><datafield ind1=' ' ind2='0' tag='650'><subfield code='a'>Cultural landscapes</subfield><subfield code='z'>Switzerland</subfield><subfield code='z'>Zurich</subfield><subfield code='x'>History</subfield><subfield code='y'>19th century.</subfield></datafield><datafield ind1=' ' ind2='0' tag='650'><subfield code='a'>Landscape architecture</subfield><subfield code='z'>Switzerland</subfield><subfield code='z'>Zurich</subfield><subfield code='x'>History</subfield><subfield code='y'>19th century.</subfield></datafield><datafield ind1=' ' ind2=' ' tag='901'><subfield code='a'>86ef7e53-2770-4c0e-8e07-bcd519be4a01</subfield><subfield code='b'>25</subfield><subfield code='c'>false</subfield></datafield><datafield ind1='0' ind2='0' tag='852'><subfield code='h'>SB466.S92 Z87 2019g</subfield><subfield code='0'>15007818</subfield><subfield code='b'>scsbcul</subfield></datafield><datafield ind1=' ' ind2=' ' tag='876'><subfield code='0'>15007818</subfield><subfield code='a'>21476093</subfield><subfield code='h'>In Library Use</subfield><subfield code='j'>Available</subfield><subfield code='p'>AR02842742</subfield><subfield code='t'>1</subfield><subfield code='x'>Shared</subfield><subfield code='z'>AR</subfield><subfield code='l'>RECAP</subfield></datafield></record>