
<record><leader>01688nam a2200337 a 4500</leader><controlfield tag='001'>SCSB-7643035</controlfield><controlfield tag='003'>CStRLIN</controlfield><controlfield tag='005'>20030508083751.1</controlfield><controlfield tag='008'>030507s1993    le            000 0cara d</controlfield><controlfield tag='009'>.b156144815</controlfield><datafield ind1=' ' ind2=' ' tag='040'><subfield code='a'>MH</subfield><subfield code='c'>MH</subfield><subfield code='d'>NN</subfield><subfield code='d'>OCoLC</subfield></datafield><datafield ind1=' ' ind2=' ' tag='043'><subfield code='a'>ma-----</subfield></datafield><datafield ind1=' ' ind2=' ' tag='066'><subfield code='c'>(3</subfield><subfield code='c'>(4</subfield></datafield><datafield ind1='1' ind2=' ' tag='100'><subfield code='6'>880-01</subfield><subfield code='a'>Rabīʻ, Jamāl.</subfield></datafield><datafield ind1='1' ind2='0' tag='245'><subfield code='6'>880-02</subfield><subfield code='a'>Mārksīyat al-ʻArab wa-inhiyār al-Sūvyīt :</subfield><subfield code='b'>ḥiwār maʻa Ismāʻīl Maḥfūḍ, Bū ʻAlī Yāsīn, Burhān Ghalyūb, Samīr Amīn, Sanāʼ Abū Shaqrā, ʻIṣām Khafājī, Fawwāz Ṭarābulusī, Mīshīl Kāmil, Mīshīl Kaylū, Muḥammad Kashlī, Nasīb Nimr /</subfield><subfield code='c'>Jamāl Rabīʻ.</subfield></datafield><datafield ind1=' ' ind2=' ' tag='250'><subfield code='6'>880-03</subfield><subfield code='a'>al-Ṭabʻah 1.</subfield></datafield><datafield ind1=' ' ind2=' ' tag='260'><subfield code='6'>880-04</subfield><subfield code='a'>[Beirut] :</subfield><subfield code='b'>Dār Mashriq Maghrib,</subfield><subfield code='c'>1993.</subfield></datafield><datafield ind1=' ' ind2=' ' tag='300'><subfield code='a'>170 p. ;</subfield><subfield code='c'>20 cm.</subfield></datafield><datafield ind1=' ' ind2=' ' tag='500'><subfield code='a'>Cover title.</subfield></datafield><datafield ind1=' ' ind2=' ' tag='546'><subfield code='a'>In Arabic.</subfield></datafield><datafield ind1=' ' ind2='0' tag='650'><subfield code='a'>Communists</subfield><subfield code='z'>Arab countries</subfield><subfield code='v'>Interviews.</subfield></datafield><datafield ind1=' ' ind2='0' tag='650'><subfield code='a'>Socialists</subfield><subfield code='z'>Arab countries</subfield><subfield code='v'>Interviews.</subfield></datafield><datafield ind1='1' ind2=' ' tag='880'><subfield code='6'>100-01/(3/r</subfield><subfield code='a'>ربيع, جمال.</subfield></datafield><datafield ind1='1' ind2='0' tag='880'><subfield code='6'>245-02/(3/r</subfield><subfield code='a'>ماركسية العرب وانهيار السوSييت ،</subfield><subfield code='b'>حوار مع اسماعيل محفوض, بو علي ياسين, برهان غليوب, سمير أمين, سناء أبو شقرا, عصام خفاجي, فواز طرابلسي, ميشيل كامل, ميشيل كيلو, محمد كشلي, نسيب نمر /</subfield><subfield code='c'>جمال ربيع.</subfield></datafield><datafield ind1=' ' ind2=' ' tag='880'><subfield code='6'>250-03/(3/r</subfield><subfield code='a'>الطبعة 1.</subfield></datafield><datafield ind1=' ' ind2=' ' tag='880'><subfield code='6'>260-04/(3/r</subfield><subfield code='a'>±BeirutƯ ،</subfield><subfield code='b'>دار مشرق مغرب,</subfield><subfield code='c'>1993.</subfield></datafield><datafield ind1=' ' ind2=' ' tag='907'><subfield code='a'>.b156144815</subfield><subfield code='c'>m</subfield><subfield code='d'>a</subfield><subfield code='e'>-</subfield><subfield code='f'>ara</subfield><subfield code='g'>le</subfield><subfield code='h'>0</subfield><subfield code='i'>1</subfield></datafield><datafield ind1=' ' ind2=' ' tag='991'><subfield code='y'>31784997</subfield></datafield><datafield ind1=' ' ind2=' ' tag='035'><subfield code='a'>(OCoLC)31784997</subfield></datafield><datafield ind1=' ' ind2=' ' tag='901'><subfield code='a'>b03628f6-e185-4df6-b6f0-4c46934a3254</subfield><subfield code='b'>9</subfield><subfield code='c'>false</subfield></datafield><datafield ind1='8' ind2=' ' tag='852'><subfield code='h'>*OFI 03-3221</subfield><subfield code='0'>7774260</subfield><subfield code='b'>scsbnypl</subfield></datafield><datafield ind1=' ' ind2=' ' tag='876'><subfield code='0'>7774260</subfield><subfield code='a'>12705476</subfield><subfield code='j'>Not Available</subfield><subfield code='p'>33433017809348</subfield><subfield code='t'>1</subfield><subfield code='x'>Open</subfield><subfield code='z'>NA</subfield><subfield code='l'>RECAP</subfield></datafield></record>