
<record><leader>00000cam a2200421 a 4500</leader><controlfield tag='001'>SCSB-11922802</controlfield><controlfield tag='005'>20130627163111.0</controlfield><controlfield tag='008'>110316s2011    ua       b    000 0 ara c</controlfield><controlfield tag='009'>990127523970203941</controlfield><datafield ind1=' ' ind2=' ' tag='035'><subfield code='a'>(MH)012752397HVD01-Aleph</subfield></datafield><datafield ind1=' ' ind2=' ' tag='020'><subfield code='z'>9789773415202</subfield></datafield><datafield ind1=' ' ind2=' ' tag='035'><subfield code='a'>(OCoLC)714290802</subfield></datafield><datafield ind1=' ' ind2=' ' tag='040'><subfield code='a'>LEILA</subfield><subfield code='c'>LEILA</subfield><subfield code='d'>MEAUC</subfield><subfield code='d'>OSU</subfield><subfield code='d'>IUL</subfield><subfield code='d'>OCLCA</subfield></datafield><datafield ind1='0' ind2=' ' tag='041'><subfield code='a'>ara</subfield><subfield code='b'>eng</subfield></datafield><datafield ind1=' ' ind2=' ' tag='042'><subfield code='a'>pcc</subfield></datafield><datafield ind1=' ' ind2='4' tag='050'><subfield code='a'>BP130.45</subfield><subfield code='b'>.J242 2011</subfield></datafield><datafield ind1='1' ind2=' ' tag='100'><subfield code='6'>880-01</subfield><subfield code='a'>Jaʻfarī, ʻAmmār ʻAbd al-Karīm ʻAbd al-Majīd.</subfield></datafield><datafield ind1='1' ind2='0' tag='245'><subfield code='6'>880-02</subfield><subfield code='a'>Manhaj al-Khaṭīb al-Shirbīnī fī tafsīrih al-Sirāj al-munīr /</subfield><subfield code='c'>taʼlīf ʻAmmār ʻAbd al-Karīm ʻAbd al-Majīd al-Jaʻfarī.</subfield></datafield><datafield ind1=' ' ind2=' ' tag='250'><subfield code='6'>880-03</subfield><subfield code='a'>al-Ṭabʻah 1.</subfield></datafield><datafield ind1=' ' ind2=' ' tag='260'><subfield code='6'>880-04</subfield><subfield code='a'>al-Qāhirah :</subfield><subfield code='b'>Maktabat al-Thaqāfah al-Dīnīyah,</subfield><subfield code='c'>2011.</subfield></datafield><datafield ind1=' ' ind2=' ' tag='300'><subfield code='a'>451 p. ;</subfield><subfield code='c'>25 cm.</subfield></datafield><datafield ind1=' ' ind2=' ' tag='546'><subfield code='a'>Abstract in English.</subfield></datafield><datafield ind1=' ' ind2=' ' tag='504'><subfield code='a'>Includes bibliographical references (p. 413-446).</subfield></datafield><datafield ind1='1' ind2='0' tag='600'><subfield code='6'>880-05</subfield><subfield code='a'>Shirbīnī, Muḥammad ibn Aḥmad,</subfield><subfield code='d'>-1570.</subfield><subfield code='t'>Sirāj al-munīr fī al-iʻānah ʻalá maʻrifat baʻḍ maʻānī kalām rabbinā al-ḥakīm al-khabīr.</subfield></datafield><datafield ind1='0' ind2='0' tag='630'><subfield code='a'>Qurʼan</subfield><subfield code='x'>Criticism, interpretation, etc.</subfield></datafield><datafield ind1='0' ind2='0' tag='630'><subfield code='a'>Qurʼan</subfield><subfield code='x'>Hermeneutics.</subfield></datafield><datafield ind1=' ' ind2=' ' tag='752'><subfield code='a'>Egypt</subfield><subfield code='d'>Cairo.</subfield></datafield><datafield ind1='1' ind2=' ' tag='880'><subfield code='6'>100-01/</subfield><subfield code='a'>جعفري، عمار عبد الكريم عبد المجيد.</subfield></datafield><datafield ind1='1' ind2='0' tag='880'><subfield code='6'>245-02/</subfield><subfield code='a'>منهج الخطيب الشربيني في تفسيره السراج المنير /</subfield><subfield code='c'>تأليف عمار عبد الكريم عبد المجيد الجعفري.</subfield></datafield><datafield ind1=' ' ind2=' ' tag='880'><subfield code='6'>250-03/</subfield><subfield code='a'>الطبعة 1.</subfield></datafield><datafield ind1=' ' ind2=' ' tag='880'><subfield code='6'>260-04/</subfield><subfield code='a'>القاهرة :</subfield><subfield code='b'>مكتبة الثقافة الدينية،</subfield><subfield code='c'>2011.</subfield></datafield><datafield ind1='1' ind2='4' tag='880'><subfield code='6'>600-05/</subfield><subfield code='a'>شربيني، محمد بن احمد،</subfield><subfield code='d'>d. 1570.</subfield><subfield code='t'>سراج المنير في الاعانة على معرفة بعض معاني كلام ربنا الحكيم الخبير.</subfield></datafield><datafield ind1=' ' ind2=' ' tag='901'><subfield code='a'>fa5a5e06-8575-4373-8c5a-35877fd64115</subfield><subfield code='b'>9</subfield><subfield code='c'>false</subfield></datafield><datafield ind1='0' ind2=' ' tag='852'><subfield code='c'>HD</subfield><subfield code='h'>BP130.45</subfield><subfield code='i'>.J242 2011</subfield><subfield code='0'>12745909</subfield><subfield code='b'>scsbhl</subfield></datafield><datafield ind1=' ' ind2=' ' tag='876'><subfield code='0'>12745909</subfield><subfield code='a'>18534557</subfield><subfield code='h'> </subfield><subfield code='j'>Available</subfield><subfield code='k'>WID</subfield><subfield code='p'>32044129059929</subfield><subfield code='x'>Open</subfield><subfield code='z'>HW</subfield><subfield code='l'>HD</subfield></datafield></record>