
<record><leader>01372cam a22003131  4500</leader><controlfield tag='001'>SCSB-4308814</controlfield><controlfield tag='003'>NNC</controlfield><controlfield tag='005'>20221020045824.0</controlfield><controlfield tag='007'>hd afb---buca</controlfield><controlfield tag='007'>hd bfb---baaa</controlfield><controlfield tag='008'>900221s1881    ua            000 0 ara d</controlfield><controlfield tag='009'>3348224</controlfield><datafield ind1=' ' ind2=' ' tag='035'><subfield code='a'>(OCoLC)56176556</subfield></datafield><datafield ind1=' ' ind2=' ' tag='035'><subfield code='a'>(OCoLC)ocm56176556</subfield></datafield><datafield ind1=' ' ind2=' ' tag='035'><subfield code='9'>AVA0399CU</subfield></datafield><datafield ind1=' ' ind2=' ' tag='035'><subfield code='a'>(NNC)3348224</subfield></datafield><datafield ind1=' ' ind2=' ' tag='035'><subfield code='a'>3348224</subfield></datafield><datafield ind1=' ' ind2=' ' tag='040'><subfield code='a'>NNC</subfield><subfield code='c'>NNC</subfield></datafield><datafield ind1='1' ind2=' ' tag='100'><subfield code='a'>Shirbīnī, Muḥammad ibn Aḥmad,</subfield><subfield code='d'>-1570.</subfield><subfield code='0'>http://id.loc.gov/authorities/names/n82100618</subfield></datafield><datafield ind1='1' ind2='3' tag='245'><subfield code='a'>al-Sirāj al-munīr fī al-iʻānah ʻalá maʻrifat baʻḍ maʻānī kalām rabbinā al-ḥakīm al-khabīr /</subfield><subfield code='c'>lil-Shirbīnī. Wa-bi-hāmishihi Fatḥ al-Raḥmān bi-kashf mā yalbisu fī al-Qurʼān / li-Abī Yaḥyá Zakarīyā al-Anṣārī.</subfield></datafield><datafield ind1=' ' ind2=' ' tag='260'><subfield code='a'>[Bulāq] :</subfield><subfield code='b'>[Maṭbaʻat Bulāq],</subfield><subfield code='c'>[1299 [i.e. 1881]</subfield></datafield><datafield ind1=' ' ind2=' ' tag='300'><subfield code='a'>4 volumes ;</subfield><subfield code='c'>28 cm</subfield></datafield><datafield ind1=' ' ind2=' ' tag='336'><subfield code='a'>text</subfield><subfield code='b'>txt</subfield><subfield code='2'>rdacontent</subfield></datafield><datafield ind1=' ' ind2=' ' tag='337'><subfield code='a'>microform</subfield><subfield code='b'>h</subfield><subfield code='2'>rdamedia</subfield></datafield><datafield ind1=' ' ind2=' ' tag='500'><subfield code='a'>In Arabic.</subfield></datafield><datafield ind1='0' ind2='0' tag='630'><subfield code='a'>Qurʼan</subfield><subfield code='x'>Hermeneutics</subfield><subfield code='v'>Early works to 1800.</subfield></datafield><datafield ind1='0' ind2='0' tag='630'><subfield code='a'>Qurʼan</subfield><subfield code='x'>Criticism, interpretation, etc.</subfield><subfield code='v'>Early works to 1800.</subfield></datafield><datafield ind1='1' ind2=' ' tag='700'><subfield code='a'>Anṣārī, Zakarīyā ibn Muḥammad,</subfield><subfield code='d'>approximately 1423-approximately 1520.</subfield><subfield code='t'>Fatḥ al-Raḥmān bi-kashf mā yaltabisu fī al-Qurʼān.</subfield><subfield code='0'>http://id.loc.gov/authorities/names/n85197823</subfield></datafield><datafield ind1='8' ind2='1' tag='852'><subfield code='h'>893.7K84 DS54</subfield><subfield code='0'>4322572</subfield><subfield code='b'>scsbcul</subfield></datafield><datafield ind1='0' ind2='0' tag='866'><subfield code='a'>v. 1-4</subfield><subfield code='0'>4322572</subfield></datafield><datafield ind1=' ' ind2=' ' tag='876'><subfield code='0'>4322572</subfield><subfield code='3'>v.1</subfield><subfield code='a'>6241655</subfield><subfield code='h'> </subfield><subfield code='j'>Available</subfield><subfield code='p'>CU23922133</subfield><subfield code='t'>1</subfield><subfield code='x'>Shared</subfield><subfield code='z'>CU</subfield><subfield code='l'>RECAP</subfield></datafield><datafield ind1=' ' ind2=' ' tag='876'><subfield code='0'>4322572</subfield><subfield code='3'>v.2</subfield><subfield code='a'>6241656</subfield><subfield code='h'>In Library Use</subfield><subfield code='j'>Available</subfield><subfield code='p'>CU23922028</subfield><subfield code='t'>1</subfield><subfield code='x'>Shared</subfield><subfield code='z'>CU</subfield><subfield code='l'>RECAP</subfield></datafield><datafield ind1=' ' ind2=' ' tag='876'><subfield code='0'>4322572</subfield><subfield code='3'>v.3</subfield><subfield code='a'>6241657</subfield><subfield code='h'>In Library Use</subfield><subfield code='j'>Available</subfield><subfield code='p'>CU23922141</subfield><subfield code='t'>1</subfield><subfield code='x'>Shared</subfield><subfield code='z'>CU</subfield><subfield code='l'>RECAP</subfield></datafield><datafield ind1=' ' ind2=' ' tag='876'><subfield code='0'>4322572</subfield><subfield code='3'>v.4</subfield><subfield code='a'>6241658</subfield><subfield code='h'> </subfield><subfield code='j'>Available</subfield><subfield code='p'>CU23922036</subfield><subfield code='t'>1</subfield><subfield code='x'>Shared</subfield><subfield code='z'>CU</subfield><subfield code='l'>RECAP</subfield></datafield></record>