
<record><leader>01477cam a2200289 a 4500</leader><controlfield tag='001'>SCSB-7530543</controlfield><controlfield tag='005'>20000629181535.0</controlfield><controlfield tag='007'>hd afb---buca</controlfield><controlfield tag='007'>hd bfb---baaa</controlfield><controlfield tag='008'>910424s1882    ua      a     000 0 ara d</controlfield><controlfield tag='009'>.b115458190</controlfield><datafield ind1=' ' ind2=' ' tag='040'><subfield code='a'>NN</subfield><subfield code='c'>NN</subfield><subfield code='d'>WaOLN</subfield></datafield><datafield ind1='1' ind2=' ' tag='100'><subfield code='a'>Shirbīnī, Muḥammad ibn Aḥmad,</subfield><subfield code='d'>d. 1570.</subfield></datafield><datafield ind1='1' ind2='3' tag='245'><subfield code='a'>al-Sirāj al-munīr fī al-iʻānah ʻalá maʻrifat baʻḍ maʻānī kalām rabbinā al-ḥakīm al-khabīr</subfield><subfield code='h'>[microform] /</subfield><subfield code='c'>lil-Shirbīnī. Wa-bi-hāmishihi Fatḥ al-Raḥmān bi-kashf mā yalbisu fī al-Qurʼān / li-Abī Yaḥyá Zakarīyā al-Anṣārī.</subfield></datafield><datafield ind1=' ' ind2=' ' tag='260'><subfield code='a'>Bulāq :</subfield><subfield code='b'>Maṭbaʻat Bulāq,</subfield><subfield code='c'>1299 [i.e. 1882]</subfield></datafield><datafield ind1=' ' ind2=' ' tag='300'><subfield code='a'>4 v. ;</subfield><subfield code='c'>28 cm.</subfield></datafield><datafield ind1=' ' ind2=' ' tag='533'><subfield code='a'>Microfilm.</subfield><subfield code='b'>New York :</subfield><subfield code='c'>New York Public Library,</subfield><subfield code='d'>1982.</subfield><subfield code='e'>1 microfilm reel ; 35 mm.</subfield><subfield code='n'>(MN*ZZ-20322).</subfield></datafield><datafield ind1=' ' ind2=' ' tag='546'><subfield code='a'>In Arabic.</subfield></datafield><datafield ind1='0' ind2='0' tag='630'><subfield code='a'>Qurʼan</subfield><subfield code='x'>Hermeneutics</subfield><subfield code='v'>Early works to 1800.</subfield></datafield><datafield ind1='0' ind2='0' tag='630'><subfield code='a'>Qurʼan</subfield><subfield code='x'>Criticism, interpretation, etc.</subfield><subfield code='v'>Early works to 1800.</subfield></datafield><datafield ind1='1' ind2=' ' tag='700'><subfield code='a'>Anṣārī, Zakarīyā ibn Muḥammad,</subfield><subfield code='d'>approximately 1423-approximately 1520.</subfield><subfield code='t'>Fatḥ al-Raḥmān bi-kashf mā yalbisu fī al-Qurʼān.</subfield><subfield code='f'>1882.</subfield></datafield><datafield ind1=' ' ind2=' ' tag='907'><subfield code='a'>.b115458190</subfield><subfield code='c'>m</subfield><subfield code='d'>h</subfield><subfield code='e'>-</subfield><subfield code='f'>ara</subfield><subfield code='g'>ua</subfield><subfield code='h'>3</subfield><subfield code='i'>1</subfield></datafield><datafield ind1='8' ind2=' ' tag='852'><subfield code='h'>*ZO-393</subfield><subfield code='0'>7639931</subfield><subfield code='b'>scsbnypl</subfield></datafield><datafield ind1=' ' ind2=' ' tag='866'><subfield code='a'>v. 1-4 (1882)</subfield><subfield code='0'>7639931</subfield></datafield><datafield ind1=' ' ind2=' ' tag='876'><subfield code='0'>7639931</subfield><subfield code='3'>v. 1-4 (1882)</subfield><subfield code='a'>12483490</subfield><subfield code='h'>In Library Use</subfield><subfield code='j'>Available</subfield><subfield code='p'>33433106819851</subfield><subfield code='t'>1</subfield><subfield code='x'>Shared</subfield><subfield code='z'>NA</subfield><subfield code='l'>RECAP</subfield></datafield></record>