
<record><leader>01027cam a2200289 i 4500</leader><controlfield tag='001'>SCSB-5980519</controlfield><controlfield tag='005'>20000629174916.0</controlfield><controlfield tag='008'>840717s1973    njub          000 0 eng d</controlfield><controlfield tag='009'>.b108720238</controlfield><datafield ind1=' ' ind2=' ' tag='040'><subfield code='d'>NjR</subfield><subfield code='d'>NN</subfield><subfield code='d'>WaOLN</subfield></datafield><datafield ind1=' ' ind2=' ' tag='043'><subfield code='a'>n-us-nj</subfield></datafield><datafield ind1='1' ind2=' ' tag='100'><subfield code='a'>McCormick, Jack.</subfield></datafield><datafield ind1='1' ind2='4' tag='245'><subfield code='a'>The Pine Barrens :</subfield><subfield code='b'>vegetation geography /</subfield><subfield code='c'>Jack McCormick, Leslie Jones.</subfield></datafield><datafield ind1=' ' ind2=' ' tag='260'><subfield code='a'>Trenton :</subfield><subfield code='b'>New Jersey State Museum,</subfield><subfield code='c'>1973.</subfield></datafield><datafield ind1=' ' ind2=' ' tag='300'><subfield code='a'>vii, 71 p. :</subfield><subfield code='b'>chiefly maps ;</subfield><subfield code='c'>30 cm.</subfield></datafield><datafield ind1='1' ind2=' ' tag='490'><subfield code='a'>Research report / New Jersey State Museum ;</subfield><subfield code='v'>no.3</subfield></datafield><datafield ind1=' ' ind2='0' tag='651'><subfield code='a'>Pine Barrens (N.J.)</subfield></datafield><datafield ind1=' ' ind2='0' tag='650'><subfield code='a'>Ecology</subfield><subfield code='z'>New Jersey</subfield><subfield code='z'>Pine Barrens.</subfield></datafield><datafield ind1=' ' ind2='0' tag='650'><subfield code='a'>Botany</subfield><subfield code='z'>New Jersey</subfield><subfield code='z'>Pine Barrens.</subfield></datafield><datafield ind1=' ' ind2='0' tag='650'><subfield code='a'>Phytogeography</subfield><subfield code='v'>Maps.</subfield></datafield><datafield ind1='1' ind2=' ' tag='700'><subfield code='a'>Jones, Leslie.</subfield></datafield><datafield ind1=' ' ind2='0' tag='830'><subfield code='a'>Research report (New Jersey State Museum) ;</subfield><subfield code='v'>\vno. 3.</subfield></datafield><datafield ind1=' ' ind2=' ' tag='907'><subfield code='a'>.b108720238</subfield><subfield code='c'>m</subfield><subfield code='d'>a</subfield><subfield code='e'>-</subfield><subfield code='f'>eng</subfield><subfield code='g'>nju</subfield><subfield code='h'>4</subfield><subfield code='i'>1</subfield></datafield><datafield ind1=' ' ind2=' ' tag='991'><subfield code='y'>15384099</subfield></datafield><datafield ind1=' ' ind2=' ' tag='035'><subfield code='a'>(OCoLC)15384099</subfield></datafield><datafield ind1='8' ind2=' ' tag='852'><subfield code='h'>JSG 84-34</subfield><subfield code='0'>5992301</subfield><subfield code='b'>scsbnypl</subfield></datafield><datafield ind1=' ' ind2=' ' tag='876'><subfield code='0'>5992301</subfield><subfield code='a'>9649726</subfield><subfield code='j'>Available</subfield><subfield code='p'>33433037950882</subfield><subfield code='t'>1</subfield><subfield code='x'>Open</subfield><subfield code='z'>NA</subfield><subfield code='l'>RECAP</subfield></datafield></record>