
<record><leader>00000cam  22003014a 4500</leader><controlfield tag='001'>SCSB-9100253</controlfield><controlfield tag='003'>OCoLC</controlfield><controlfield tag='005'>20060625113422.0</controlfield><controlfield tag='008'>000717s2001    njua     b    001 0 eng  cam4a </controlfield><controlfield tag='009'>.b22175040x</controlfield><datafield ind1='1' ind2=' ' tag='100'><subfield code='a'>Boyd, Howard P.</subfield></datafield><datafield ind1=' ' ind2=' ' tag='091'><subfield code='a'>582.1309</subfield><subfield code='c'>B</subfield></datafield><datafield ind1=' ' ind2='0' tag='650'><subfield code='a'>Wild flowers</subfield><subfield code='z'>New Jersey</subfield><subfield code='z'>Pine Barrens</subfield><subfield code='x'>Identification.</subfield></datafield><datafield ind1=' ' ind2='0' tag='650'><subfield code='a'>Wild flowers</subfield><subfield code='z'>New Jersey</subfield><subfield code='z'>Pine Barrens</subfield><subfield code='v'>Pictorial works.</subfield></datafield><datafield ind1=' ' ind2=' ' tag='020'><subfield code='a'>0937548456</subfield></datafield><datafield ind1=' ' ind2=' ' tag='010'><subfield code='a'>   00058916</subfield></datafield><datafield ind1=' ' ind2=' ' tag='504'><subfield code='a'>Includes bibliographical references (p. 157-158) and index.</subfield></datafield><datafield ind1=' ' ind2=' ' tag='260'><subfield code='a'>Medford, NJ :</subfield><subfield code='b'>Plexus Pub.,</subfield><subfield code='c'>c2001.</subfield></datafield><datafield ind1=' ' ind2=' ' tag='300'><subfield code='a'>x, 163 p. :</subfield><subfield code='b'>col. ill. ;</subfield><subfield code='c'>21 cm.</subfield></datafield><datafield ind1='1' ind2='0' tag='245'><subfield code='a'>Wildflowers of the Pine Barrens of New Jersey /</subfield><subfield code='c'>by Howard P. Boyd.</subfield></datafield><datafield ind1=' ' ind2=' ' tag='995'><subfield code='a'>1811051</subfield></datafield><datafield ind1=' ' ind2=' ' tag='040'><subfield code='a'>DLC</subfield><subfield code='c'>DLC</subfield><subfield code='d'>C#P</subfield><subfield code='d'>AGL</subfield><subfield code='d'>UtOrBLW</subfield></datafield><datafield ind1=' ' ind2=' ' tag='042'><subfield code='a'>pcc</subfield></datafield><datafield ind1=' ' ind2=' ' tag='043'><subfield code='a'>n-us-nj</subfield></datafield><datafield ind1='0' ind2='0' tag='050'><subfield code='a'>QK175</subfield><subfield code='b'>.B69 2001</subfield></datafield><datafield ind1='0' ind2=' ' tag='070'><subfield code='a'>QK175</subfield><subfield code='b'>.B69 2001</subfield></datafield><datafield ind1=' ' ind2='0' tag='072'><subfield code='a'>F700</subfield></datafield><datafield ind1='0' ind2='0' tag='082'><subfield code='a'>582.13/09749</subfield><subfield code='2'>21</subfield></datafield><datafield ind1='0' ind2='0' tag='908'><subfield code='a'>QK175</subfield><subfield code='b'>.B69 2001</subfield></datafield><datafield ind1=' ' ind2=' ' tag='901'><subfield code='a'>abm</subfield></datafield><datafield ind1='0' ind2='0' tag='907'><subfield code='a'>.b177695602</subfield></datafield><datafield ind1=' ' ind2=' ' tag='035'><subfield code='a'>(OCoLC)44619489</subfield></datafield><datafield ind1='8' ind2=' ' tag='852'><subfield code='h'>JSD 13-98</subfield><subfield code='0'>9335851</subfield><subfield code='b'>scsbnypl</subfield></datafield><datafield ind1=' ' ind2=' ' tag='876'><subfield code='0'>9335851</subfield><subfield code='a'>14988362</subfield><subfield code='j'>Available</subfield><subfield code='p'>33433110870148</subfield><subfield code='t'>1</subfield><subfield code='x'>Shared</subfield><subfield code='z'>NA</subfield><subfield code='l'>RECAP</subfield></datafield></record>