
<record><leader>01322cam a22003131  4500</leader><controlfield tag='001'>SCSB-6890126</controlfield><controlfield tag='003'>OCoLC</controlfield><controlfield tag='005'>20000629185818.0</controlfield><controlfield tag='008'>700217s1968    nyuac    b    000 0beng  </controlfield><controlfield tag='009'>.b130711846</controlfield><datafield ind1=' ' ind2=' ' tag='010'><subfield code='a'>72000044 //r973</subfield></datafield><datafield ind1=' ' ind2=' ' tag='040'><subfield code='a'>DLC</subfield><subfield code='c'>DLC</subfield><subfield code='d'>NYP</subfield><subfield code='d'>WaOLN</subfield></datafield><datafield ind1=' ' ind2=' ' tag='049'><subfield code='a'>NYPG</subfield></datafield><datafield ind1='0' ind2='0' tag='050'><subfield code='a'>PS3537.T246</subfield><subfield code='b'>Z8</subfield></datafield><datafield ind1='0' ind2='0' tag='082'><subfield code='a'>818/.5/209</subfield></datafield><datafield ind1='1' ind2=' ' tag='100'><subfield code='a'>Ruber, Peter A.,</subfield><subfield code='d'>1940-</subfield></datafield><datafield ind1='1' ind2='4' tag='245'><subfield code='a'>The last bookman;</subfield><subfield code='b'>a journey into the life &amp; times of Vincent Starrett, author, journalist, bibliophile,</subfield><subfield code='c'>by Peter Ruber. With an unorthodox introd. by the late Christopher Morley and a chronicle of friendship &amp; tribute through poetry &amp; prose by Franklin P. Adams [and others.</subfield></datafield><datafield ind1=' ' ind2=' ' tag='250'><subfield code='a'>1st ed.</subfield></datafield><datafield ind1=' ' ind2=' ' tag='260'><subfield code='a'>New York,</subfield><subfield code='b'>Candlelight Press,</subfield><subfield code='c'>1968]</subfield></datafield><datafield ind1=' ' ind2=' ' tag='300'><subfield code='a'>115 p.</subfield><subfield code='b'>illus., ports.</subfield><subfield code='c'>32 cm.</subfield></datafield><datafield ind1=' ' ind2=' ' tag='504'><subfield code='a'>&quot;A bibliographical checklist: the writings of Vincent Starrett, by Esther Longfellow&quot;: p. 110-112.</subfield></datafield><datafield ind1='1' ind2='0' tag='600'><subfield code='a'>Starrett, Vincent,</subfield><subfield code='d'>1886-1974.</subfield></datafield><datafield ind1=' ' ind2='0' tag='650'><subfield code='a'>Authors, American</subfield><subfield code='y'>20th century</subfield><subfield code='v'>Biography.</subfield></datafield><datafield ind1=' ' ind2='0' tag='650'><subfield code='a'>Book collectors</subfield><subfield code='z'>United States</subfield><subfield code='v'>Biography.</subfield></datafield><datafield ind1=' ' ind2='0' tag='650'><subfield code='a'>Journalists</subfield><subfield code='z'>United States</subfield><subfield code='v'>Biography.</subfield></datafield><datafield ind1=' ' ind2=' ' tag='907'><subfield code='a'>.b130711846</subfield><subfield code='c'>m</subfield><subfield code='d'>a</subfield><subfield code='e'>-</subfield><subfield code='f'>eng</subfield><subfield code='g'>nyu</subfield><subfield code='h'>4</subfield><subfield code='i'>1</subfield></datafield><datafield ind1=' ' ind2=' ' tag='035'><subfield code='a'>(OCoLC)38453</subfield></datafield><datafield ind1=' ' ind2=' ' tag='901'><subfield code='a'>ebd0a0a1-7ff9-4e5c-88ac-7203d19cdd1e</subfield><subfield code='b'>9</subfield><subfield code='c'>false</subfield></datafield><datafield ind1='8' ind2=' ' tag='852'><subfield code='h'>G-10 2965</subfield><subfield code='0'>6974979</subfield><subfield code='b'>scsbnypl</subfield></datafield><datafield ind1=' ' ind2=' ' tag='876'><subfield code='0'>6974979</subfield><subfield code='a'>11219385</subfield><subfield code='j'>Available</subfield><subfield code='p'>33433000748511</subfield><subfield code='t'>1</subfield><subfield code='x'>Open</subfield><subfield code='z'>NA</subfield><subfield code='l'>RECAP</subfield></datafield></record>