
<record><leader>01290cam a2200337   4500</leader><controlfield tag='001'>SCSB-2406158</controlfield><controlfield tag='003'>NNC</controlfield><controlfield tag='005'>20220519004632.0</controlfield><controlfield tag='008'>850612s1968    nyua     b    000 0 eng  </controlfield><controlfield tag='009'>352960</controlfield><datafield ind1=' ' ind2=' ' tag='010'><subfield code='a'>   72000044 </subfield></datafield><datafield ind1=' ' ind2=' ' tag='035'><subfield code='a'>(OCoLC)38453</subfield></datafield><datafield ind1=' ' ind2=' ' tag='035'><subfield code='a'>(OCoLC)ocm00038453</subfield></datafield><datafield ind1=' ' ind2=' ' tag='035'><subfield code='a'>(CStRLIN)NYCG85-B56021</subfield></datafield><datafield ind1=' ' ind2=' ' tag='035'><subfield code='9'>ABN9660CU</subfield></datafield><datafield ind1=' ' ind2=' ' tag='035'><subfield code='a'>(NNC)352960</subfield></datafield><datafield ind1=' ' ind2=' ' tag='035'><subfield code='a'>352960</subfield></datafield><datafield ind1=' ' ind2=' ' tag='040'><subfield code='c'>NNC</subfield><subfield code='d'>NNC</subfield></datafield><datafield ind1='0' ind2='0' tag='050'><subfield code='a'>PS3537.T246</subfield><subfield code='b'>Z8</subfield></datafield><datafield ind1=' ' ind2=' ' tag='090'><subfield code='a'>PS3537.T246</subfield><subfield code='b'>Z8</subfield></datafield><datafield ind1='1' ind2=' ' tag='100'><subfield code='a'>Ruber, Peter A.</subfield></datafield><datafield ind1='1' ind2='4' tag='245'><subfield code='a'>The last bookman :</subfield><subfield code='b'>a journey into the life &amp; times of Vincent Starrett, author, journalist, bibliophile /</subfield><subfield code='c'>by Peter Ruber ; with an unorthodox introd. by the late Christopher Morley and a chronicle of friendship &amp; tribute through poetry &amp; prose by Franklin P. Adams [and others.]</subfield></datafield><datafield ind1=' ' ind2=' ' tag='250'><subfield code='a'>[1st ed.].</subfield></datafield><datafield ind1=' ' ind2=' ' tag='260'><subfield code='a'>[New York] :</subfield><subfield code='b'>[Candlelight Press],</subfield><subfield code='c'>[1968]</subfield></datafield><datafield ind1=' ' ind2=' ' tag='300'><subfield code='a'>115 pages :</subfield><subfield code='b'>illustrations portraits ;</subfield><subfield code='c'>32 cm</subfield></datafield><datafield ind1=' ' ind2=' ' tag='336'><subfield code='a'>text</subfield><subfield code='2'>rdacontent</subfield></datafield><datafield ind1=' ' ind2=' ' tag='337'><subfield code='a'>unmediated</subfield><subfield code='2'>rdamedia</subfield></datafield><datafield ind1=' ' ind2=' ' tag='338'><subfield code='a'>volume</subfield><subfield code='2'>rdacarrier</subfield></datafield><datafield ind1=' ' ind2=' ' tag='504'><subfield code='a'>&quot;A bibliographical checklist: the writings of Vincent Starrett, by Esther Longfellow&quot;: p. 110-112.</subfield></datafield><datafield ind1='1' ind2='0' tag='600'><subfield code='a'>Starrett, Vincent,</subfield><subfield code='d'>1886-1974.</subfield><subfield code='0'>http://id.loc.gov/authorities/names/n50023295</subfield></datafield><datafield ind1=' ' ind2=' ' tag='901'><subfield code='a'>ebd0a0a1-7ff9-4e5c-88ac-7203d19cdd1e</subfield><subfield code='b'>9</subfield><subfield code='c'>false</subfield></datafield><datafield ind1='0' ind2='0' tag='852'><subfield code='h'>PS3537.T246 Z8</subfield><subfield code='0'>2378873</subfield><subfield code='b'>scsbcul</subfield></datafield><datafield ind1=' ' ind2=' ' tag='876'><subfield code='0'>2378873</subfield><subfield code='a'>3612452</subfield><subfield code='h'> </subfield><subfield code='j'>Available</subfield><subfield code='p'>CU55461743</subfield><subfield code='t'>1</subfield><subfield code='x'>Shared</subfield><subfield code='z'>CU</subfield><subfield code='l'>RECAP</subfield></datafield></record>