
<record><leader>01307nam a2200277 a 4500</leader><controlfield tag='001'>SCSB-10422384</controlfield><controlfield tag='005'>20020606104010.5</controlfield><controlfield tag='008'>991215s1998    sp ac    bc   000 0dspa d</controlfield><controlfield tag='009'>990082711320203941</controlfield><datafield ind1=' ' ind2=' ' tag='020'><subfield code='a'>8488474539</subfield></datafield><datafield ind1=' ' ind2=' ' tag='035'><subfield code='a'>(OCoLC)43949824</subfield><subfield code='z'>(OCoLC)496229506</subfield></datafield><datafield ind1=' ' ind2=' ' tag='040'><subfield code='a'>NNFr</subfield><subfield code='c'>NNFr</subfield><subfield code='d'>MH-FA</subfield></datafield><datafield ind1=' ' ind2='4' tag='050'><subfield code='a'>N6834.5.K8</subfield><subfield code='b'>A4 1998b</subfield></datafield><datafield ind1='0' ind2='0' tag='245'><subfield code='a'>Kupka :</subfield><subfield code='b'>localización de móviles gráficos, 1912-1913 : 15 de octubre 1998-10 de enero 1999.</subfield></datafield><datafield ind1=' ' ind2=' ' tag='260'><subfield code='a'>Madrid :</subfield><subfield code='b'>Fundación Colección Thyssen-Bornemisza,</subfield><subfield code='c'>c1998.</subfield></datafield><datafield ind1=' ' ind2=' ' tag='300'><subfield code='a'>75 p. :</subfield><subfield code='b'>ill. (some col.), ports. ;</subfield><subfield code='c'>27 cm.</subfield></datafield><datafield ind1='1' ind2=' ' tag='490'><subfield code='a'>Contextos de la colección permanente ;</subfield><subfield code='v'>no. 6</subfield></datafield><datafield ind1=' ' ind2=' ' tag='500'><subfield code='a'>Exhibition held at the Museo Thyssen-Bornemisza, Madrid.</subfield></datafield><datafield ind1=' ' ind2=' ' tag='504'><subfield code='a'>Includes bibliographical references (p. 75).</subfield></datafield><datafield ind1='0' ind2='0' tag='505'><subfield code='a'>Presentación / Esperanza Aguirre -- Introducción / Tomàs Llorens -- Carta al Barón Thyssen-Bornemisza / Meda Mladek -- Localización de móviles gráficos de Kupka : en busca de la trama de la naturaleza / Aneta Georgievska-Shine -- Punto de vista de Kupka / Serge Faucherau -- Catálogo.</subfield></datafield><datafield ind1='1' ind2='0' tag='600'><subfield code='a'>Kupka, František,</subfield><subfield code='d'>1871-1957</subfield><subfield code='v'>Exhibitions.</subfield></datafield><datafield ind1=' ' ind2='7' tag='655'><subfield code='a'>Exhibition catalogs</subfield><subfield code='2'>fast</subfield><subfield code='0'>(OCoLC)fst01424028</subfield></datafield><datafield ind1='1' ind2=' ' tag='700'><subfield code='a'>Kupka, František,</subfield><subfield code='d'>1871-1957</subfield></datafield><datafield ind1='2' ind2=' ' tag='700'><subfield code='a'>Llorens Serra, Tomás,</subfield><subfield code='d'>1936-</subfield></datafield><datafield ind1='2' ind2=' ' tag='710'><subfield code='a'>Museo Thyssen-Bornemisza</subfield></datafield><datafield ind1='2' ind2=' ' tag='710'><subfield code='a'>Wojewódzki Ośrodek Metodyczny w Rzeszowie</subfield></datafield><datafield ind1='0' ind2='8' tag='776'><subfield code='i'>Online version:</subfield><subfield code='t'>Kupka.</subfield><subfield code='d'>Madrid : Museo Thyssen-Bornemisza, ©1998</subfield><subfield code='w'>(OCoLC)1179480153</subfield></datafield><datafield ind1=' ' ind2='0' tag='830'><subfield code='a'>Contextos de la colección permanente</subfield><subfield code='v'>no. 6.</subfield></datafield><datafield ind1='1' ind2=' ' tag='583'><subfield code='a'>committed to retain</subfield><subfield code='c'>20181001</subfield><subfield code='d'>in perpetuity</subfield><subfield code='f'>ReCAP Shared Collection</subfield><subfield code='5'>HUL</subfield><subfield code='8'>222047565810003941</subfield></datafield><datafield ind1=' ' ind2=' ' tag='901'><subfield code='a'>a8b5ea0a-42c5-4153-9446-d420a77dc148</subfield><subfield code='b'>25</subfield><subfield code='c'>false</subfield></datafield><datafield ind1='7' ind2=' ' tag='852'><subfield code='2'>ZHCL</subfield><subfield code='c'>HD</subfield><subfield code='h'>FA4193.605.57</subfield><subfield code='0'>11197986</subfield><subfield code='b'>scsbhl</subfield></datafield><datafield ind1=' ' ind2=' ' tag='876'><subfield code='0'>11197986</subfield><subfield code='a'>16923175</subfield><subfield code='h'> </subfield><subfield code='j'>Available</subfield><subfield code='k'>FAL</subfield><subfield code='p'>FL24LJ</subfield><subfield code='x'>Open</subfield><subfield code='z'>FL</subfield><subfield code='l'>HD</subfield></datafield></record>