
<record><leader>00000nam  2200313 a 4500</leader><controlfield tag='001'>SCSB-9306609</controlfield><controlfield tag='003'>OCoLC</controlfield><controlfield tag='005'>20000622182226.9</controlfield><controlfield tag='008'>991215s1998    sp ac    bc   000 0dspa dnam a </controlfield><controlfield tag='009'>.b143840575</controlfield><datafield ind1='1' ind2=' ' tag='700'><subfield code='a'>Kupka, František,</subfield><subfield code='d'>1871-1957.</subfield></datafield><datafield ind1='1' ind2=' ' tag='700'><subfield code='a'>Llorens Serra, Tomás,</subfield><subfield code='d'>1936-</subfield></datafield><datafield ind1='2' ind2=' ' tag='710'><subfield code='a'>Museo Thyssen-Bornemisza.</subfield></datafield><datafield ind1='2' ind2=' ' tag='710'><subfield code='a'>Wojewódzki Ośrodek Metodyczny w Rzeszowie.</subfield></datafield><datafield ind1='1' ind2='0' tag='600'><subfield code='a'>Kupka, František,</subfield><subfield code='d'>1871-1957</subfield><subfield code='v'>Exhibitions.</subfield></datafield><datafield ind1=' ' ind2=' ' tag='020'><subfield code='a'>8488474539</subfield></datafield><datafield ind1=' ' ind2=' ' tag='500'><subfield code='a'>Exhibition held at the Museo Thyssen-Bornemisza, Madrid.</subfield></datafield><datafield ind1=' ' ind2=' ' tag='504'><subfield code='a'>Includes bibliographical references (p. 75).</subfield></datafield><datafield ind1='0' ind2='0' tag='505'><subfield code='t'>Presentación / Esperanza Aguirre -- Introducción / Tomàs Llorens -- Carta al Barón Thyssen-Bornemisza / Meda Mladek -- Localización de móviles gráficos de Kupka : en busca de la trama de la naturaleza / Aneta Georgievska-Shine -- Punto de vista de Kupka / Serge Faucherau -- Catálogo.</subfield></datafield><datafield ind1=' ' ind2=' ' tag='260'><subfield code='a'>Madrid :</subfield><subfield code='b'>Fundación Colección Thyssen-Bornemisza,</subfield><subfield code='c'>c1998.</subfield></datafield><datafield ind1=' ' ind2=' ' tag='300'><subfield code='a'>75 p. :</subfield><subfield code='b'>ill. (some col.), ports. ;</subfield><subfield code='c'>27 cm.</subfield></datafield><datafield ind1=' ' ind2='0' tag='440'><subfield code='a'>Contextos de la colección permanente ;</subfield><subfield code='v'>6</subfield></datafield><datafield ind1='0' ind2='0' tag='245'><subfield code='a'>Kupka :</subfield><subfield code='b'>localización de móviles gráficos, 1912-1913 : 15 de octubre 1998-10 de enero 1999.</subfield></datafield><datafield ind1=' ' ind2=' ' tag='040'><subfield code='a'>ZCU</subfield><subfield code='c'>ZCU</subfield><subfield code='d'>NYP</subfield><subfield code='d'>WaOLN</subfield></datafield><datafield ind1=' ' ind2=' ' tag='049'><subfield code='a'>NYPG</subfield></datafield><datafield ind1=' ' ind2=' ' tag='946'><subfield code='a'>m</subfield></datafield><datafield ind1=' ' ind2=' ' tag='997'><subfield code='a'>ha</subfield><subfield code='b'>06-23-00</subfield><subfield code='c'>m</subfield><subfield code='d'>a</subfield><subfield code='e'>-</subfield><subfield code='f'>spa</subfield><subfield code='g'>sp</subfield><subfield code='h'>0</subfield></datafield><datafield ind1=' ' ind2=' ' tag='909'><subfield code='a'>cma/mfg</subfield><subfield code='z'>Call no. indexing</subfield></datafield><datafield ind1='0' ind2='0' tag='907'><subfield code='a'>.b143840575</subfield></datafield><datafield ind1=' ' ind2=' ' tag='035'><subfield code='a'>(OCoLC)43949824</subfield></datafield><datafield ind1=' ' ind2=' ' tag='901'><subfield code='a'>a8b5ea0a-42c5-4153-9446-d420a77dc148</subfield><subfield code='b'>25</subfield><subfield code='c'>false</subfield></datafield><datafield ind1='8' ind2=' ' tag='852'><subfield code='h'>3-MCZ K965 00-6536</subfield><subfield code='0'>9687679</subfield><subfield code='b'>scsbnypl</subfield></datafield><datafield ind1=' ' ind2=' ' tag='876'><subfield code='0'>9687679</subfield><subfield code='a'>15397396</subfield><subfield code='h'>In Library Use</subfield><subfield code='j'>Available</subfield><subfield code='p'>33433065982146</subfield><subfield code='t'>1</subfield><subfield code='x'>Shared</subfield><subfield code='z'>NA</subfield><subfield code='l'>RECAP</subfield></datafield></record>