
<record><leader>00000cam  2200457Ii 4500</leader><controlfield tag='001'>SCSB-8874888</controlfield><controlfield tag='003'>OCoLC</controlfield><controlfield tag='005'>20171025035641.0</controlfield><controlfield tag='008'>160513s2016    xr a          000 u cze dcamIi </controlfield><controlfield tag='009'>.b20956040x</controlfield><datafield ind1='1' ind2=' ' tag='100'><subfield code='a'>Theinhardt, Marketa,</subfield><subfield code='e'>author.</subfield></datafield><datafield ind1='1' ind2=' ' tag='700'><subfield code='a'>Musilová, Helena,</subfield><subfield code='e'>author.</subfield></datafield><datafield ind1='1' ind2=' ' tag='700'><subfield code='a'>Kupka, František,</subfield><subfield code='d'>1871-1957,</subfield><subfield code='e'>writer of supplementary textual content.</subfield></datafield><datafield ind1='1' ind2='2' tag='700'><subfield code='a'>Kupka, František,</subfield><subfield code='d'>1871-1957.</subfield><subfield code='t'>Paintings.</subfield><subfield code='k'>Selections.</subfield></datafield><datafield ind1='2' ind2=' ' tag='710'><subfield code='a'>Museum Kampa,</subfield><subfield code='e'>issuing body,</subfield><subfield code='e'>host institution.</subfield></datafield><datafield ind1='1' ind2='0' tag='600'><subfield code='a'>Kupka, František,</subfield><subfield code='d'>1871-1957</subfield><subfield code='v'>Exhibitions.</subfield></datafield><datafield ind1='1' ind2='7' tag='600'><subfield code='a'>Kupka, František,</subfield><subfield code='d'>1871-1957.</subfield><subfield code='2'>fast</subfield><subfield code='0'>(OCoLC)fst00018470</subfield></datafield><datafield ind1=' ' ind2='7' tag='655'><subfield code='a'>Exhibition catalogs.</subfield><subfield code='2'>fast</subfield><subfield code='0'>(OCoLC)fst01424028</subfield></datafield><datafield ind1=' ' ind2=' ' tag='020'><subfield code='a'>9788087344286</subfield></datafield><datafield ind1=' ' ind2=' ' tag='020'><subfield code='a'>8087344286</subfield></datafield><datafield ind1=' ' ind2=' ' tag='500'><subfield code='a'>Catalog of an exhibition held at Museum Kampa, Prague, February 9 - May 22, 2016.</subfield></datafield><datafield ind1=' ' ind2=' ' tag='546'><subfield code='a'>Czech and English.</subfield></datafield><datafield ind1=' ' ind2='1' tag='264'><subfield code='a'>Praha :</subfield><subfield code='b'>Museum Kampa - Nadace Jana a Medy Mládkových,</subfield><subfield code='c'>2016.</subfield></datafield><datafield ind1=' ' ind2=' ' tag='300'><subfield code='a'>47 pages :</subfield><subfield code='b'>illustrations (some color) ;</subfield><subfield code='c'>23 x 27 cm</subfield></datafield><datafield ind1=' ' ind2=' ' tag='336'><subfield code='a'>text</subfield><subfield code='b'>txt</subfield><subfield code='2'>rdacontent</subfield></datafield><datafield ind1=' ' ind2=' ' tag='337'><subfield code='a'>unmediated</subfield><subfield code='b'>n</subfield><subfield code='2'>rdamedia</subfield></datafield><datafield ind1=' ' ind2=' ' tag='338'><subfield code='a'>volume</subfield><subfield code='b'>nc</subfield><subfield code='2'>rdacarrier</subfield></datafield><datafield ind1='1' ind2='0' tag='245'><subfield code='a'>Kupka :</subfield><subfield code='b'>modré v pohybu /</subfield><subfield code='c'>autorky koncepce katalogu a výstavy, Markéta Theinhardt, Helena Musilová ; texty, Markéta Theinhardt, František Kupka = Moving blues / concept of the exhibition and catalogue, Markéta Theinhardt, Helena Musilová ; texts, Markéta Theinhardt, František Kupka.</subfield></datafield><datafield ind1='3' ind2='1' tag='246'><subfield code='a'>Moving blues</subfield></datafield><datafield ind1=' ' ind2=' ' tag='040'><subfield code='a'>EVIEW</subfield><subfield code='b'>eng</subfield><subfield code='e'>rda</subfield><subfield code='c'>EVIEW</subfield><subfield code='d'>FXM</subfield><subfield code='d'>OCLCF</subfield><subfield code='d'>NYP</subfield></datafield><datafield ind1='0' ind2=' ' tag='041'><subfield code='a'>cze</subfield><subfield code='a'>eng</subfield></datafield><datafield ind1=' ' ind2=' ' tag='049'><subfield code='a'>NYPP</subfield></datafield><datafield ind1=' ' ind2='4' tag='050'><subfield code='a'>ND534.5.K88</subfield><subfield code='b'>A4 2016</subfield></datafield><datafield ind1=' ' ind2=' ' tag='901'><subfield code='a'>MARS</subfield></datafield><datafield ind1=' ' ind2='4' tag='908'><subfield code='a'>ND534.5.K88</subfield><subfield code='b'>A4 2016</subfield></datafield><datafield ind1=' ' ind2=' ' tag='901'><subfield code='a'>wjs</subfield><subfield code='b'>CATRL</subfield></datafield><datafield ind1=' ' ind2=' ' tag='945'><subfield code='a'>.b20956040x</subfield></datafield><datafield ind1=' ' ind2=' ' tag='946'><subfield code='a'>m</subfield></datafield><datafield ind1=' ' ind2='1' tag='949'><subfield code='z'>8528</subfield><subfield code='a'>ReCAP 17-31699</subfield><subfield code='i'>33433122390325</subfield><subfield code='l'>RCMB2</subfield><subfield code='s'>b</subfield><subfield code='t'>2</subfield><subfield code='h'>33</subfield><subfield code='o'>2</subfield><subfield code='v'>CATRL/wjs</subfield></datafield><datafield ind1=' ' ind2=' ' tag='910'><subfield code='a'>RL</subfield></datafield><datafield ind1='0' ind2='0' tag='907'><subfield code='a'>.b20956040x</subfield></datafield><datafield ind1=' ' ind2=' ' tag='035'><subfield code='a'>(OCoLC)950970126</subfield></datafield><datafield ind1='8' ind2=' ' tag='852'><subfield code='h'>ReCAP 17-31699</subfield><subfield code='0'>9063541</subfield><subfield code='b'>scsbnypl</subfield></datafield><datafield ind1=' ' ind2=' ' tag='876'><subfield code='0'>9063541</subfield><subfield code='a'>14660572</subfield><subfield code='j'>Available</subfield><subfield code='p'>33433122390325</subfield><subfield code='t'>1</subfield><subfield code='x'>Shared</subfield><subfield code='z'>NA</subfield><subfield code='l'>RECAP</subfield></datafield></record>