
<record><leader>00000nam a2200445 i 4500</leader><controlfield tag='001'>SCSB-9211653</controlfield><controlfield tag='003'>ItFiC</controlfield><controlfield tag='005'>20180904125031.0</controlfield><controlfield tag='008'>180525s2018    fr a     bc   001 0 fre dnam i </controlfield><controlfield tag='009'>.b216780184</controlfield><datafield ind1='1' ind2=' ' tag='700'><subfield code='a'>Léal, Brigitte,</subfield><subfield code='e'>editor.</subfield></datafield><datafield ind1='1' ind2=' ' tag='700'><subfield code='a'>Theinhardt, Marketa,</subfield><subfield code='e'>editor.</subfield></datafield><datafield ind1='1' ind2=' ' tag='700'><subfield code='a'>Brullé, Pierre,</subfield><subfield code='e'>editor.</subfield></datafield><datafield ind1='1' ind2='2' tag='700'><subfield code='a'>Kupka, František,</subfield><subfield code='d'>1871-1957.</subfield><subfield code='t'>Paintings.</subfield><subfield code='k'>Selections.</subfield></datafield><datafield ind1='2' ind2=' ' tag='710'><subfield code='a'>Galeries nationales du Grand Palais (France),</subfield><subfield code='e'>host institution.</subfield></datafield><datafield ind1='2' ind2=' ' tag='710'><subfield code='a'>Národní galerie v Praze,</subfield><subfield code='e'>host institution.</subfield></datafield><datafield ind1='2' ind2=' ' tag='710'><subfield code='a'>Ateneumin Taidemuseo (Helsinki, Finland),</subfield><subfield code='e'>host institution.</subfield></datafield><datafield ind1='1' ind2='0' tag='600'><subfield code='a'>Kupka, František,</subfield><subfield code='d'>1871-1957</subfield><subfield code='v'>Exhibitions.</subfield></datafield><datafield ind1=' ' ind2=' ' tag='020'><subfield code='a'>9782711863914 :</subfield><subfield code='c'>49.00 EUR</subfield></datafield><datafield ind1=' ' ind2=' ' tag='500'><subfield code='a'>Catalog of an itinerant exhibition held at the Galeries nationales du Grand Palais, Paris, France, March 21-July 30, 2018, at the Národní galerie v Praze, Prague, Czech Republic, September 7, 2018-January 20, 2019, and at the Ateneum Art Museum, Hensinki, Finland, February 21-May 19, 2019.</subfield></datafield><datafield ind1=' ' ind2=' ' tag='504'><subfield code='a'>Includes bibliographical references (pages 294-297) and index.</subfield></datafield><datafield ind1=' ' ind2='1' tag='264'><subfield code='a'>Paris :</subfield><subfield code='b'>Éditions de la Réunion des musées nationaux-Grand Palais,</subfield><subfield code='c'>[2018]</subfield></datafield><datafield ind1=' ' ind2=' ' tag='300'><subfield code='a'>302 pages :</subfield><subfield code='b'>illustrations (chiefly color) ;</subfield><subfield code='c'>28 cm</subfield></datafield><datafield ind1=' ' ind2=' ' tag='336'><subfield code='a'>text</subfield><subfield code='b'>txt</subfield><subfield code='2'>rdacontent</subfield></datafield><datafield ind1=' ' ind2=' ' tag='336'><subfield code='a'>still image</subfield><subfield code='b'>sti</subfield><subfield code='2'>rdacontent</subfield></datafield><datafield ind1=' ' ind2=' ' tag='337'><subfield code='a'>unmediated</subfield><subfield code='b'>n</subfield><subfield code='2'>rdamedia</subfield></datafield><datafield ind1=' ' ind2=' ' tag='338'><subfield code='a'>volume</subfield><subfield code='b'>nc</subfield><subfield code='2'>rdacarrier</subfield></datafield><datafield ind1='0' ind2='0' tag='245'><subfield code='a'>Kupka :</subfield><subfield code='b'>pionnier de l&apos;abstraction : Paris, Grand Palais, Galeries nationales, 21 mars-30 juillet 2018 /</subfield><subfield code='c'>sous la direction scientifique de Brigitte Leal, Markéta Theinhardt et Pierre Brullé.</subfield></datafield><datafield ind1=' ' ind2=' ' tag='040'><subfield code='a'>ItFiC</subfield><subfield code='b'>eng</subfield><subfield code='e'>rda</subfield><subfield code='c'>ItFiC</subfield></datafield><datafield ind1='0' ind2='0' tag='050'><subfield code='a'>N6834.5.K8</subfield><subfield code='b'>A4 2018</subfield></datafield><datafield ind1='0' ind2='0' tag='908'><subfield code='a'>N6834.5.K8</subfield><subfield code='b'>A4 2018</subfield></datafield><datafield ind1=' ' ind2=' ' tag='901'><subfield code='a'>CSL</subfield><subfield code='c'>it 18806284</subfield></datafield><datafield ind1=' ' ind2=' ' tag='981'><subfield code='e'>52.92</subfield><subfield code='i'>61.10</subfield><subfield code='k'>USD</subfield><subfield code='u'>4.89</subfield></datafield><datafield ind1=' ' ind2=' ' tag='910'><subfield code='a'>RL</subfield></datafield><datafield ind1='0' ind2='0' tag='907'><subfield code='a'>.b216780184</subfield></datafield><datafield ind1='8' ind2=' ' tag='852'><subfield code='h'>ReCAP 18-74930</subfield><subfield code='0'>9523258</subfield><subfield code='b'>scsbnypl</subfield></datafield><datafield ind1=' ' ind2=' ' tag='876'><subfield code='0'>9523258</subfield><subfield code='a'>15212285</subfield><subfield code='h'>In Library Use</subfield><subfield code='j'>Available</subfield><subfield code='p'>33433121262905</subfield><subfield code='t'>1</subfield><subfield code='x'>Shared</subfield><subfield code='z'>NA</subfield><subfield code='l'>RECAP</subfield></datafield></record>