
<record><leader>00772nam a2200241Ii 4500</leader><controlfield tag='001'>SCSB-10437412</controlfield><controlfield tag='005'>20020606095253.2</controlfield><controlfield tag='008'>780113s1975    xx            000 0 eng d</controlfield><controlfield tag='009'>990051090010203941</controlfield><datafield ind1=' ' ind2=' ' tag='035'><subfield code='a'>(OCoLC)3555853</subfield><subfield code='z'>(OCoLC)222272085</subfield></datafield><datafield ind1=' ' ind2=' ' tag='040'><subfield code='a'>PUL</subfield><subfield code='c'>PUL</subfield><subfield code='d'>HFL</subfield></datafield><datafield ind1=' ' ind2='4' tag='050'><subfield code='a'>ND532.K96</subfield><subfield code='b'>R3</subfield></datafield><datafield ind1=' ' ind2='4' tag='050'><subfield code='a'>N6834.5.K8</subfield><subfield code='b'>A4 1975</subfield></datafield><datafield ind1='1' ind2=' ' tag='100'><subfield code='a'>Kupka, František,</subfield><subfield code='d'>1871-1957</subfield></datafield><datafield ind1='0' ind2='0' tag='245'><subfield code='a'>Kupka.</subfield></datafield><datafield ind1=' ' ind2=' ' tag='260'><subfield code='a'>New York :</subfield><subfield code='b'>Galerie Denise René,</subfield><subfield code='c'>1975.</subfield></datafield><datafield ind1=' ' ind2=' ' tag='300'><subfield code='a'>[20] p. :</subfield><subfield code='b'>ill. (some col.) ;</subfield><subfield code='c'>26 cm.</subfield></datafield><datafield ind1=' ' ind2=' ' tag='500'><subfield code='a'>Text by Michel Ragon.</subfield></datafield><datafield ind1=' ' ind2=' ' tag='500'><subfield code='a'>Catalogue of an exhibition held at Galerie Denise René, Oct.-Nov., 1975.</subfield></datafield><datafield ind1=' ' ind2=' ' tag='500'><subfield code='a'>Addenda and errata slip inserted.</subfield></datafield><datafield ind1='1' ind2='0' tag='600'><subfield code='a'>Kupka, František,</subfield><subfield code='d'>1871-1957</subfield></datafield><datafield ind1=' ' ind2='7' tag='655'><subfield code='a'>Exhibition catalogs</subfield><subfield code='2'>fast</subfield><subfield code='0'>(OCoLC)fst01424028</subfield></datafield><datafield ind1='1' ind2=' ' tag='700'><subfield code='a'>Ragon, Michel</subfield></datafield><datafield ind1='2' ind2=' ' tag='710'><subfield code='a'>Galerie Denise René</subfield></datafield><datafield ind1='1' ind2=' ' tag='583'><subfield code='a'>committed to retain</subfield><subfield code='c'>20181001</subfield><subfield code='d'>in perpetuity</subfield><subfield code='f'>ReCAP Shared Collection</subfield><subfield code='5'>HUL</subfield><subfield code='8'>221941711320003941</subfield></datafield><datafield ind1=' ' ind2=' ' tag='901'><subfield code='a'>2674ce22-2f6c-41e4-b7e6-043557f01ba9</subfield><subfield code='b'>9</subfield><subfield code='c'>false</subfield></datafield><datafield ind1='7' ind2=' ' tag='852'><subfield code='2'>ZHCL</subfield><subfield code='c'>HD</subfield><subfield code='h'>FA4193.605.31</subfield><subfield code='0'>11214073</subfield><subfield code='b'>scsbhl</subfield></datafield><datafield ind1=' ' ind2=' ' tag='876'><subfield code='0'>11214073</subfield><subfield code='a'>16939939</subfield><subfield code='h'> </subfield><subfield code='j'>Available</subfield><subfield code='k'>FAL</subfield><subfield code='p'>FL4LHN</subfield><subfield code='x'>Shared</subfield><subfield code='z'>FL</subfield><subfield code='l'>HD</subfield></datafield></record>