
<record><leader>00949cam a2200289I  4500</leader><controlfield tag='001'>SCSB-9916476</controlfield><controlfield tag='005'>20020606095253.2</controlfield><controlfield tag='008'>770426s1968    ne a     bc   000 0 dut  </controlfield><controlfield tag='009'>990051089770203941</controlfield><datafield ind1=' ' ind2=' ' tag='010'><subfield code='a'>^^^68030152^//r</subfield></datafield><datafield ind1=' ' ind2=' ' tag='015'><subfield code='a'>Ne***</subfield></datafield><datafield ind1=' ' ind2=' ' tag='035'><subfield code='a'>(OCoLC)2918680</subfield><subfield code='z'>(OCoLC)976860037</subfield></datafield><datafield ind1=' ' ind2=' ' tag='040'><subfield code='a'>DLC</subfield><subfield code='c'>GUA</subfield><subfield code='d'>CPL</subfield><subfield code='d'>HFL</subfield></datafield><datafield ind1='0' ind2=' ' tag='050'><subfield code='a'>ND534.5.K88</subfield><subfield code='b'>C7</subfield></datafield><datafield ind1='1' ind2=' ' tag='100'><subfield code='a'>Kupka, František,</subfield><subfield code='d'>1871-1957</subfield></datafield><datafield ind1='0' ind2='0' tag='245'><subfield code='a'>Kupka.</subfield><subfield code='b'>Stedelijk Museum, Amsterdam, 11 januari-25 februari 1968.</subfield><subfield code='c'>[Verzorging: Wim Crouwel]</subfield></datafield><datafield ind1=' ' ind2=' ' tag='260'><subfield code='a'>[Amsterdam,</subfield><subfield code='c'>1968]</subfield></datafield><datafield ind1=' ' ind2=' ' tag='300'><subfield code='a'>[62] p.</subfield><subfield code='b'>illus.</subfield><subfield code='c'>28 cm.</subfield></datafield><datafield ind1='1' ind2=' ' tag='490'><subfield code='a'>Catalogus,</subfield><subfield code='v'>nr. 429</subfield></datafield><datafield ind1=' ' ind2=' ' tag='504'><subfield code='a'>Bibliography: p. [62]</subfield></datafield><datafield ind1='1' ind2='0' tag='600'><subfield code='a'>Kupka, František,</subfield><subfield code='d'>1871-1957</subfield><subfield code='v'>Exhibitions.</subfield></datafield><datafield ind1=' ' ind2='7' tag='655'><subfield code='a'>Exhibition catalogs</subfield><subfield code='2'>fast</subfield><subfield code='0'>(OCoLC)fst01424028</subfield></datafield><datafield ind1='1' ind2=' ' tag='700'><subfield code='a'>Crouwel, Wim</subfield><subfield code='e'>ed.</subfield></datafield><datafield ind1='1' ind2=' ' tag='710'><subfield code='a'>Amsterdam (Netherlands).</subfield><subfield code='b'>Stedelijk Museum.</subfield></datafield><datafield ind1=' ' ind2='0' tag='830'><subfield code='a'>Cat. nr. (Amsterdam (Netherlands). Stedelijk Museum) ;</subfield><subfield code='v'>429.</subfield></datafield><datafield ind1='1' ind2=' ' tag='583'><subfield code='a'>committed to retain</subfield><subfield code='c'>20181001</subfield><subfield code='d'>in perpetuity</subfield><subfield code='f'>ReCAP Shared Collection</subfield><subfield code='5'>HUL</subfield><subfield code='8'>221941184660003941</subfield></datafield><datafield ind1=' ' ind2=' ' tag='901'><subfield code='a'>31bd9e85-a527-434d-bd04-dad947bf5830</subfield><subfield code='b'>9</subfield><subfield code='c'>true</subfield></datafield><datafield ind1='7' ind2=' ' tag='852'><subfield code='2'>ZHCL</subfield><subfield code='c'>HD</subfield><subfield code='h'>FA4193.605.25</subfield><subfield code='0'>10655062</subfield><subfield code='b'>scsbhl</subfield></datafield><datafield ind1=' ' ind2=' ' tag='876'><subfield code='0'>10655062</subfield><subfield code='a'>16343909</subfield><subfield code='h'> </subfield><subfield code='j'>Available</subfield><subfield code='k'>FAL</subfield><subfield code='p'>FL4LGG</subfield><subfield code='x'>Shared</subfield><subfield code='z'>FL</subfield><subfield code='l'>HD</subfield></datafield></record>