
<record><leader>00000cam  2200781 a 4500</leader><controlfield tag='001'>SCSB-14851755</controlfield><controlfield tag='003'>OCoLC</controlfield><controlfield tag='005'>20121011150119.0</controlfield><controlfield tag='008'>871015s1987    enkag    b    000 0 eng  cam a </controlfield><controlfield tag='009'>.b221510904</controlfield><datafield ind1='1' ind2=' ' tag='100'><subfield code='a'>Waite, Brian.</subfield></datafield><datafield ind1=' ' ind2='0' tag='650'><subfield code='a'>Piano</subfield><subfield code='v'>Methods (Jazz)</subfield></datafield><datafield ind1=' ' ind2='0' tag='650'><subfield code='a'>Piano</subfield><subfield code='v'>Studies and exercises (Jazz)</subfield></datafield><datafield ind1=' ' ind2=' ' tag='020'><subfield code='a'>0946771723</subfield></datafield><datafield ind1=' ' ind2=' ' tag='020'><subfield code='a'>9780946771721</subfield></datafield><datafield ind1=' ' ind2=' ' tag='020'><subfield code='a'>0870521721 (U.S.)</subfield></datafield><datafield ind1=' ' ind2=' ' tag='020'><subfield code='a'>9780870521720 (U.S.)</subfield></datafield><datafield ind1=' ' ind2=' ' tag='992'><subfield code='a'>prod-b157293993</subfield></datafield><datafield ind1=' ' ind2=' ' tag='504'><subfield code='a'>Includes bibliographical references (p. 128).</subfield></datafield><datafield ind1=' ' ind2=' ' tag='260'><subfield code='a'>Tunbridge Wells :</subfield><subfield code='b'>Spellmount ;</subfield><subfield code='a'>New York, NY :</subfield><subfield code='b'>Hippocrene Books,</subfield><subfield code='c'>1987.</subfield></datafield><datafield ind1=' ' ind2=' ' tag='300'><subfield code='a'>128 p. :</subfield><subfield code='b'>ill., music ;</subfield><subfield code='c'>32 cm.</subfield></datafield><datafield ind1='1' ind2='0' tag='245'><subfield code='a'>Modern jazz piano :</subfield><subfield code='b'>a study in harmony /</subfield><subfield code='c'>Brian Waite.</subfield></datafield><datafield ind1=' ' ind2=' ' tag='995'><subfield code='a'>845284</subfield></datafield><datafield ind1='0' ind2='8' tag='776'><subfield code='i'>Online version:</subfield><subfield code='a'>Waite, Brian.</subfield><subfield code='t'>Modern jazz piano.</subfield><subfield code='d'>Tunbridge Wells : Spellmount, 1987</subfield><subfield code='w'>(OCoLC)639567114</subfield></datafield><datafield ind1=' ' ind2=' ' tag='015'><subfield code='a'>GB85-6229</subfield></datafield><datafield ind1=' ' ind2=' ' tag='040'><subfield code='a'>UKM</subfield><subfield code='c'>UKM</subfield><subfield code='d'>BTCTA</subfield><subfield code='d'>YDXCP</subfield><subfield code='d'>AU@</subfield><subfield code='d'>B9K</subfield><subfield code='d'>BDX</subfield><subfield code='d'>NYP</subfield></datafield><datafield ind1=' ' ind2=' ' tag='049'><subfield code='a'>NYPP</subfield></datafield><datafield ind1=' ' ind2='4' tag='050'><subfield code='a'>MT239</subfield><subfield code='b'>.W145 1987</subfield></datafield><datafield ind1='0' ind2='4' tag='082'><subfield code='a'>786.3/041</subfield><subfield code='2'>19</subfield></datafield><datafield ind1=' ' ind2=' ' tag='996'><subfield code='a'>036241064</subfield></datafield><datafield ind1=' ' ind2=' ' tag='996'><subfield code='a'>881229643</subfield></datafield><datafield ind1=' ' ind2=' ' tag='901'><subfield code='a'>glu</subfield><subfield code='b'>CATRL</subfield><subfield code='n'>ANX</subfield></datafield><datafield ind1=' ' ind2=' ' tag='901'><subfield code='a'>MARS</subfield></datafield><datafield ind1=' ' ind2=' ' tag='945'><subfield code='a'>.b157293993</subfield></datafield><datafield ind1=' ' ind2=' ' tag='946'><subfield code='a'>m</subfield></datafield><datafield ind1=' ' ind2='1' tag='949'><subfield code='z'>8528</subfield><subfield code='a'>JMG 12-345</subfield><subfield code='i'>33433065113205</subfield><subfield code='l'>mym32</subfield><subfield code='s'>-</subfield><subfield code='t'>055</subfield><subfield code='h'>32</subfield><subfield code='o'>1</subfield><subfield code='v'>CATRL/glu/ANX</subfield></datafield><datafield ind1=' ' ind2=' ' tag='910'><subfield code='a'>RL</subfield></datafield><datafield ind1='0' ind2='0' tag='907'><subfield code='a'>.b221510904</subfield></datafield><datafield ind1=' ' ind2=' ' tag='035'><subfield code='a'>(OCoLC)12522064</subfield></datafield><datafield ind1='8' ind2=' ' tag='852'><subfield code='h'>JMG 12-345</subfield><subfield code='0'>15877039</subfield><subfield code='b'>scsbnypl</subfield></datafield><datafield ind1=' ' ind2=' ' tag='876'><subfield code='0'>15877039</subfield><subfield code='a'>22542571</subfield><subfield code='j'>Available</subfield><subfield code='p'>33433065113205</subfield><subfield code='t'>1</subfield><subfield code='x'>Shared</subfield><subfield code='z'>NA</subfield><subfield code='l'>RECAP</subfield></datafield></record>