
<record><leader>00000cam a2200541 i 4500</leader><controlfield tag='001'>SCSB-12179820</controlfield><controlfield tag='005'>20150501142037.0</controlfield><controlfield tag='008'>141201s2015    nyu           000 1 eng  </controlfield><controlfield tag='009'>990143697670203941</controlfield><datafield ind1=' ' ind2=' ' tag='010'><subfield code='a'>^^2014043501</subfield></datafield><datafield ind1=' ' ind2=' ' tag='020'><subfield code='a'>9780385539739 ( cloth : alk. paper)</subfield></datafield><datafield ind1=' ' ind2=' ' tag='020'><subfield code='a'>0385539738 ( cloth : alk. paper)</subfield></datafield><datafield ind1=' ' ind2=' ' tag='035'><subfield code='a'>(OCoLC)897436776</subfield><subfield code='z'>(OCoLC)884298001</subfield><subfield code='z'>(OCoLC)884305625</subfield><subfield code='z'>(OCoLC)904328232</subfield><subfield code='z'>(OCoLC)905854866</subfield><subfield code='z'>(OCoLC)1507418460</subfield></datafield><datafield ind1=' ' ind2=' ' tag='040'><subfield code='a'>DLC</subfield><subfield code='b'>eng</subfield><subfield code='e'>rda</subfield><subfield code='c'>DLC</subfield><subfield code='d'>IG#</subfield><subfield code='d'>YDXCP</subfield><subfield code='d'>BTCTA</subfield><subfield code='d'>BDX</subfield><subfield code='d'>OCLCF</subfield><subfield code='d'>CO2</subfield><subfield code='d'>JSE</subfield><subfield code='d'>JOY</subfield><subfield code='d'>CDX</subfield><subfield code='d'>VP@</subfield><subfield code='d'>OCLCO</subfield></datafield><datafield ind1=' ' ind2=' ' tag='042'><subfield code='a'>pcc</subfield></datafield><datafield ind1=' ' ind2=' ' tag='043'><subfield code='a'>n-us-il</subfield></datafield><datafield ind1='0' ind2='0' tag='050'><subfield code='a'>PS3563.O87445</subfield><subfield code='b'>J39 2015</subfield></datafield><datafield ind1='0' ind2='0' tag='082'><subfield code='a'>813/.54</subfield><subfield code='2'>23</subfield></datafield><datafield ind1='1' ind2=' ' tag='100'><subfield code='a'>Morris, Mary,</subfield><subfield code='d'>1947-</subfield></datafield><datafield ind1='1' ind2='4' tag='245'><subfield code='a'>The Jazz Palace :</subfield><subfield code='b'>a novel /</subfield><subfield code='c'>Mary Morris.</subfield></datafield><datafield ind1=' ' ind2=' ' tag='250'><subfield code='a'>First editon.</subfield></datafield><datafield ind1=' ' ind2='1' tag='264'><subfield code='a'>New York :</subfield><subfield code='b'>Nan A. Talese/Doubleday,</subfield><subfield code='c'>[2015]</subfield></datafield><datafield ind1=' ' ind2=' ' tag='300'><subfield code='a'>245 pages ;</subfield><subfield code='c'>25 cm</subfield></datafield><datafield ind1=' ' ind2=' ' tag='336'><subfield code='a'>text</subfield><subfield code='2'>rdacontent</subfield></datafield><datafield ind1=' ' ind2=' ' tag='337'><subfield code='a'>unmediated</subfield><subfield code='2'>rdamedia</subfield></datafield><datafield ind1=' ' ind2=' ' tag='338'><subfield code='a'>volume</subfield><subfield code='2'>rdacarrier</subfield></datafield><datafield ind1=' ' ind2=' ' tag='504'><subfield code='a'>Includes bibliographical references.</subfield></datafield><datafield ind1=' ' ind2=' ' tag='520'><subfield code='a'>&quot;In the midst of boomtown Chicago, two Jewish families have suffered terrible blows. The Lehrmans, who run a small hat factory, lost their beloved son Harold in a blizzard. The Chimbrovas, who run a saloon, lost three of their boys on the SS Eastland when it sank in 1915. Each family holds out hope that one of their remaining children will rise to carry on the family business. But Benny Lehrman has no interest in making hats. His true passion is piano--especially jazz. At night he sneaks down to the South Side, slipping into predominantly black clubs to hear jazz groups play. One night he is called out and asked to sit in on a group. His playing is first-rate, and the other musicians are impressed&quot;--Amazon.com.</subfield></datafield><datafield ind1=' ' ind2='0' tag='650'><subfield code='a'>Jewish families</subfield><subfield code='z'>Illinois</subfield><subfield code='z'>Chicago</subfield><subfield code='v'>Fiction.</subfield></datafield><datafield ind1=' ' ind2='0' tag='650'><subfield code='a'>Jazz musicians</subfield><subfield code='z'>Illinois</subfield><subfield code='z'>Chicago</subfield><subfield code='v'>Fiction.</subfield></datafield><datafield ind1=' ' ind2='0' tag='650'><subfield code='a'>Nineteen twenties</subfield><subfield code='v'>Fiction</subfield></datafield><datafield ind1=' ' ind2='0' tag='655'><subfield code='a'>Historical fiction</subfield></datafield><datafield ind1=' ' ind2='0' tag='651'><subfield code='a'>Chicago (Ill.)</subfield><subfield code='y'>20th century</subfield><subfield code='v'>Fiction.</subfield></datafield><datafield ind1=' ' ind2='0' tag='651'><subfield code='a'>Illinois</subfield><subfield code='y'>20th century</subfield><subfield code='v'>Fiction.</subfield></datafield><datafield ind1=' ' ind2='7' tag='655'><subfield code='a'>Historical fiction</subfield><subfield code='2'>gsafd</subfield></datafield><datafield ind1=' ' ind2='7' tag='655'><subfield code='a'>Fiction</subfield><subfield code='2'>fast</subfield></datafield><datafield ind1=' ' ind2='7' tag='655'><subfield code='a'>Historical fiction</subfield><subfield code='2'>lcgft</subfield></datafield><datafield ind1=' ' ind2='7' tag='655'><subfield code='a'>Historical fiction</subfield><subfield code='2'>fast</subfield></datafield><datafield ind1='1' ind2=' ' tag='583'><subfield code='a'>committed to retain</subfield><subfield code='c'>20181001</subfield><subfield code='d'>in perpetuity</subfield><subfield code='f'>ReCAP Shared Collection</subfield><subfield code='5'>HUL</subfield><subfield code='8'>222170299610003941</subfield></datafield><datafield ind1='0' ind2=' ' tag='852'><subfield code='c'>HD</subfield><subfield code='h'>PS3563.O87445</subfield><subfield code='i'>J39 2015</subfield><subfield code='0'>13010326</subfield><subfield code='b'>scsbhl</subfield></datafield><datafield ind1=' ' ind2=' ' tag='876'><subfield code='0'>13010326</subfield><subfield code='a'>18809405</subfield><subfield code='h'> </subfield><subfield code='j'>Available</subfield><subfield code='k'>WID</subfield><subfield code='p'>32044132428905</subfield><subfield code='x'>Shared</subfield><subfield code='z'>HW</subfield><subfield code='l'>HD</subfield></datafield></record>