
<record><leader>00000cam  2200553Ii 4500</leader><controlfield tag='001'>SCSB-14810058</controlfield><controlfield tag='003'>OCoLC</controlfield><controlfield tag='005'>20140506162522.0</controlfield><controlfield tag='007'>ta</controlfield><controlfield tag='007'>sd fungnnumuuu</controlfield><controlfield tag='008'>140115t20132013cau           000 0 eng dcamIi </controlfield><controlfield tag='009'>.b201389678</controlfield><datafield ind1='1' ind2=' ' tag='100'><subfield code='a'>Berkman, David,</subfield><subfield code='e'>author.</subfield><subfield code='4'>aut</subfield></datafield><datafield ind1='2' ind2=' ' tag='710'><subfield code='a'>Sher Music Co.,</subfield><subfield code='e'>publisher.</subfield><subfield code='4'>pbl</subfield></datafield><datafield ind1=' ' ind2='0' tag='650'><subfield code='a'>Music theory.</subfield></datafield><datafield ind1=' ' ind2='0' tag='650'><subfield code='a'>Jazz</subfield><subfield code='x'>Study and teaching.</subfield></datafield><datafield ind1=' ' ind2='0' tag='650'><subfield code='a'>Harmonics (Music)</subfield></datafield><datafield ind1=' ' ind2='0' tag='650'><subfield code='a'>Chords (Music)</subfield></datafield><datafield ind1=' ' ind2=' ' tag='020'><subfield code='a'>1883217792</subfield></datafield><datafield ind1=' ' ind2=' ' tag='020'><subfield code='a'>9781883217792</subfield></datafield><datafield ind1=' ' ind2=' ' tag='520'><subfield code='a'>This book teaches the ideas behind adding chords to melodies. It begins with basic chords and progressions, and moves to more complex ideas. With an introduction and two appendices. Two CDs of additional material.</subfield></datafield><datafield ind1='0' ind2=' ' tag='505'><subfield code='a'>Introduction -- Part 1. The Harmonic Universe of Key -- Chapter 1: The First Circle: I, IV, V7 Chords -- Chapter 2: The Second Circle: Diatonic Seventh Chord Substitutes for I, IV and V7 -- Chapter 3: The Third Circle: Secondary Dominant Seventh and Related ii Minor7 chords -- Chapter 4: Understanding the Geography of Standard Tunes: Jazz Cadences and Turnarounds -- Chapter 5: The Fourth Circle: Passing Chords -- Chapter 6: The Fifth Circle: Modal Interchange Chords -- Chapter 7: The Last Circle: Tritone Substitutes -- Chapter 8: The Harmony of Minor Tunes -- Chapter 9: another Approach to Jazz Harmony Using Diminished Chords -- Chapter 10: Deep Structure, the Right Changes and Re-Harmonization.</subfield></datafield><datafield ind1='0' ind2=' ' tag='505'><subfield code='a'>Part 2. Beyond the Harmonic Universe: Rules for Non-Function. Chapter 11: Eleven Organizing Principles of Non-functional Chord Progressions -- Chapter 12: Same Root, Different Chord Quality -- Chapter 13: Slash Chords -- Chapter 14: Harmonizing a Bass Line -- Chapter 15: Chords Built in Fourths -- Chapter 16: &quot;Giant Steps&quot; -- Chapter 17: Color Chords -- Chapter 18: Parallel Chords that use Exact Transposition (planing) -- Chapter 19. Pedals -- Chapter 20: Chord Subtraction -- Chapter 21: Unavailable Tensions -- Chapter 22: Incomplete Chords -- Chapter 23: Conclusions -- Appendix A: Tips for Composers -- Appendix B: Piano Basics.</subfield></datafield><datafield ind1=' ' ind2='1' tag='264'><subfield code='a'>Petaluma, CA :</subfield><subfield code='b'>Sher Music Co.,</subfield><subfield code='c'>[2013]</subfield></datafield><datafield ind1=' ' ind2='4' tag='264'><subfield code='c'>©2013</subfield></datafield><datafield ind1=' ' ind2=' ' tag='300'><subfield code='a'>vi, 206 pages ;</subfield><subfield code='c'>28 cm +</subfield><subfield code='e'>2 compact discs (Digital Audio)</subfield></datafield><datafield ind1=' ' ind2=' ' tag='336'><subfield code='a'>text</subfield><subfield code='b'>txt</subfield><subfield code='2'>rdacontent</subfield></datafield><datafield ind1=' ' ind2=' ' tag='336'><subfield code='a'>notated music</subfield><subfield code='b'>ntm</subfield><subfield code='2'>rdacontent</subfield></datafield><datafield ind1=' ' ind2=' ' tag='336'><subfield code='a'>spoken word</subfield><subfield code='b'>spw</subfield><subfield code='2'>rdacontent</subfield></datafield><datafield ind1=' ' ind2=' ' tag='337'><subfield code='a'>unmediated</subfield><subfield code='b'>n</subfield><subfield code='2'>rdamedia</subfield></datafield><datafield ind1=' ' ind2=' ' tag='337'><subfield code='a'>audio</subfield><subfield code='b'>s</subfield><subfield code='2'>rdamedia</subfield></datafield><datafield ind1=' ' ind2=' ' tag='338'><subfield code='a'>volume</subfield><subfield code='b'>nc</subfield><subfield code='2'>rdacarrier</subfield></datafield><datafield ind1=' ' ind2=' ' tag='338'><subfield code='a'>audio disc</subfield><subfield code='b'>sd</subfield><subfield code='2'>rdacarrier</subfield></datafield><datafield ind1='1' ind2='4' tag='245'><subfield code='a'>The Jazz harmony book :</subfield><subfield code='b'>a course in adding chords to melodies /</subfield><subfield code='c'>by David Berkman.</subfield></datafield><datafield ind1='3' ind2='0' tag='246'><subfield code='a'>Course in adding chords to melodies</subfield></datafield><datafield ind1=' ' ind2=' ' tag='040'><subfield code='a'>TDF</subfield><subfield code='b'>eng</subfield><subfield code='e'>rda</subfield><subfield code='c'>TDF</subfield><subfield code='d'>IUA</subfield><subfield code='d'>NYP</subfield></datafield><datafield ind1=' ' ind2=' ' tag='049'><subfield code='a'>NYPP</subfield></datafield><datafield ind1=' ' ind2=' ' tag='090'><subfield code='a'>MT6</subfield><subfield code='b'>.B47 2013</subfield></datafield><datafield ind1=' ' ind2=' ' tag='901'><subfield code='a'>mac</subfield><subfield code='b'>CATRL</subfield></datafield><datafield ind1=' ' ind2=' ' tag='901'><subfield code='a'>MARS</subfield></datafield><datafield ind1=' ' ind2=' ' tag='945'><subfield code='a'>.b201389678</subfield></datafield><datafield ind1=' ' ind2=' ' tag='946'><subfield code='a'>m</subfield></datafield><datafield ind1=' ' ind2='1' tag='949'><subfield code='z'>8528</subfield><subfield code='a'>JMF 14-122</subfield><subfield code='j'>[Text]</subfield><subfield code='i'>33433111462994</subfield><subfield code='l'>MYM32</subfield><subfield code='s'>b</subfield><subfield code='t'>002</subfield><subfield code='h'>32</subfield><subfield code='o'>1</subfield><subfield code='v'>CATRL/mac</subfield></datafield><datafield ind1=' ' ind2='1' tag='949'><subfield code='z'>8528</subfield><subfield code='a'>*LDC 52933</subfield><subfield code='j'>[CD]</subfield><subfield code='u'>c</subfield><subfield code='m'>2 CDs</subfield><subfield code='i'>33433111462986</subfield><subfield code='l'>MYH22</subfield><subfield code='s'>b</subfield><subfield code='t'>012</subfield><subfield code='h'>32</subfield><subfield code='o'>1</subfield><subfield code='v'>CATRL/mac</subfield></datafield><datafield ind1=' ' ind2=' ' tag='910'><subfield code='a'>RL</subfield></datafield><datafield ind1='0' ind2='0' tag='907'><subfield code='a'>.b201389678</subfield></datafield><datafield ind1=' ' ind2=' ' tag='035'><subfield code='a'>(OCoLC)869396414</subfield></datafield><datafield ind1='8' ind2=' ' tag='852'><subfield code='h'>JMF 14-122 [Text]</subfield><subfield code='0'>15827159</subfield><subfield code='b'>scsbnypl</subfield></datafield><datafield ind1=' ' ind2=' ' tag='876'><subfield code='0'>15827159</subfield><subfield code='a'>22482285</subfield><subfield code='h'>In Library Use</subfield><subfield code='j'>Available</subfield><subfield code='p'>33433111462994</subfield><subfield code='t'>1</subfield><subfield code='x'>Shared</subfield><subfield code='z'>NA</subfield><subfield code='l'>RECAP</subfield></datafield></record>