
<record><leader>01241cam a2200337   4500</leader><controlfield tag='001'>SCSB-3970118</controlfield><controlfield tag='003'>NNC</controlfield><controlfield tag='005'>20221012232249.0</controlfield><controlfield tag='008'>770519s1892    nyu           000 0 eng  </controlfield><controlfield tag='009'>2723174</controlfield><datafield ind1=' ' ind2=' ' tag='010'><subfield code='a'>   09007800 </subfield></datafield><datafield ind1=' ' ind2=' ' tag='035'><subfield code='a'>(OCoLC)ocm02979587</subfield></datafield><datafield ind1=' ' ind2=' ' tag='035'><subfield code='9'>ARH6102CU</subfield></datafield><datafield ind1=' ' ind2=' ' tag='035'><subfield code='a'>(NNC)2723174</subfield></datafield><datafield ind1=' ' ind2=' ' tag='035'><subfield code='a'>2723174</subfield></datafield><datafield ind1=' ' ind2=' ' tag='040'><subfield code='a'>DLC</subfield><subfield code='c'>DMM</subfield><subfield code='d'>OCL</subfield><subfield code='d'>ZCU</subfield></datafield><datafield ind1=' ' ind2=' ' tag='043'><subfield code='a'>n-us-ma</subfield></datafield><datafield ind1='0' ind2='0' tag='050'><subfield code='a'>E176</subfield><subfield code='b'>.M23</subfield></datafield><datafield ind1=' ' ind2=' ' tag='099'><subfield code='a'>92W73</subfield><subfield code='a'>T9</subfield></datafield><datafield ind1='1' ind2=' ' tag='100'><subfield code='a'>Twichell, Joseph Hopkins,</subfield><subfield code='d'>1838-1918.</subfield><subfield code='0'>http://id.loc.gov/authorities/names/n88640727</subfield></datafield><datafield ind1='1' ind2='0' tag='245'><subfield code='a'>John Winthrop, first governor of the Massachusetts colony /</subfield><subfield code='c'>by Joseph Hopkins Twichell.</subfield></datafield><datafield ind1=' ' ind2=' ' tag='260'><subfield code='a'>New York :</subfield><subfield code='b'>Dodd, Mead, and company,</subfield><subfield code='c'>1892.</subfield></datafield><datafield ind1=' ' ind2=' ' tag='300'><subfield code='a'>xv, 245 pages :</subfield><subfield code='b'>frontispiece (portrait) ;</subfield><subfield code='c'>18 cm.</subfield></datafield><datafield ind1=' ' ind2=' ' tag='336'><subfield code='a'>text</subfield><subfield code='b'>txt</subfield><subfield code='2'>rdacontent</subfield></datafield><datafield ind1=' ' ind2=' ' tag='337'><subfield code='a'>unmediated</subfield><subfield code='b'>n</subfield><subfield code='2'>rdamedia</subfield></datafield><datafield ind1='1' ind2=' ' tag='490'><subfield code='a'>Makers of America</subfield></datafield><datafield ind1=' ' ind2=' ' tag='500'><subfield code='a'>Series title also at head of t.-p.</subfield></datafield><datafield ind1='1' ind2='0' tag='600'><subfield code='a'>Winthrop, John,</subfield><subfield code='d'>1588-1649.</subfield><subfield code='0'>http://id.loc.gov/authorities/names/n50013780</subfield></datafield><datafield ind1=' ' ind2='0' tag='651'><subfield code='a'>Massachusetts</subfield><subfield code='x'>History</subfield><subfield code='y'>Colonial period, ca. 1600-1775.</subfield><subfield code='0'>http://id.loc.gov/authorities/subjects/sh85081924</subfield></datafield><datafield ind1=' ' ind2='0' tag='830'><subfield code='a'>Makers of America.</subfield><subfield code='0'>http://id.loc.gov/authorities/names/n85810732</subfield></datafield><datafield ind1=' ' ind2=' ' tag='901'><subfield code='a'>16a7d28f-a8e6-46dc-ad8e-da8ab510a542</subfield><subfield code='b'>13</subfield><subfield code='c'>false</subfield></datafield><datafield ind1='8' ind2='0' tag='852'><subfield code='h'>92W73 T9</subfield><subfield code='0'>3980493</subfield><subfield code='b'>scsbcul</subfield></datafield><datafield ind1=' ' ind2=' ' tag='876'><subfield code='0'>3980493</subfield><subfield code='a'>5798126</subfield><subfield code='h'> </subfield><subfield code='j'>Available</subfield><subfield code='p'>CU60714778</subfield><subfield code='t'>1</subfield><subfield code='x'>Shared</subfield><subfield code='z'>CU</subfield><subfield code='l'>RECAP</subfield></datafield></record>