
<record><leader>01414cam a2200313I  4500</leader><controlfield tag='001'>SCSB-7735165</controlfield><controlfield tag='003'>OCoLC</controlfield><controlfield tag='005'>19990224092630.2</controlfield><controlfield tag='008'>770519s1892    xx            000 0 eng  </controlfield><controlfield tag='009'>.b124741897</controlfield><datafield ind1=' ' ind2=' ' tag='010'><subfield code='a'>09007800</subfield></datafield><datafield ind1=' ' ind2=' ' tag='040'><subfield code='a'>DLC</subfield><subfield code='c'>DMM</subfield><subfield code='d'>OCL</subfield><subfield code='d'>NYP</subfield><subfield code='d'>WaOLN</subfield></datafield><datafield ind1=' ' ind2=' ' tag='049'><subfield code='a'>NYPG</subfield></datafield><datafield ind1='0' ind2='0' tag='050'><subfield code='a'>E176</subfield><subfield code='b'>.M23</subfield></datafield><datafield ind1='1' ind2=' ' tag='100'><subfield code='a'>Twichell, Joseph Hopkins.</subfield></datafield><datafield ind1='0' ind2='0' tag='245'><subfield code='a'>John Winthrop, first governor of the Massachusetts colony,</subfield><subfield code='c'>by Joseph Hopkins Twichell.</subfield></datafield><datafield ind1=' ' ind2=' ' tag='260'><subfield code='a'>New York,</subfield><subfield code='b'>Dodd, Mead, and company,</subfield><subfield code='c'>1892.</subfield></datafield><datafield ind1=' ' ind2=' ' tag='300'><subfield code='a'>xv, 245 p.</subfield><subfield code='b'>front. (port.)</subfield><subfield code='c'>18 cm.</subfield></datafield><datafield ind1=' ' ind2='0' tag='440'><subfield code='a'>Makers of America</subfield></datafield><datafield ind1=' ' ind2=' ' tag='500'><subfield code='a'>Series title also at head of t.-p.</subfield></datafield><datafield ind1='1' ind2='0' tag='600'><subfield code='a'>Winthrop, John,</subfield><subfield code='d'>1588-1649.</subfield></datafield><datafield ind1=' ' ind2='0' tag='651'><subfield code='a'>Massachusetts</subfield><subfield code='x'>History</subfield><subfield code='y'>Colonial period, ca. 1600-1775.</subfield></datafield><datafield ind1=' ' ind2=' ' tag='907'><subfield code='a'>.b124741897</subfield><subfield code='c'>m</subfield><subfield code='d'>a</subfield><subfield code='e'>-</subfield><subfield code='f'>eng</subfield><subfield code='g'>xx</subfield><subfield code='h'>0</subfield><subfield code='i'>1</subfield></datafield><datafield ind1=' ' ind2=' ' tag='035'><subfield code='a'>(OCoLC)2979587</subfield></datafield><datafield ind1=' ' ind2=' ' tag='901'><subfield code='a'>16a7d28f-a8e6-46dc-ad8e-da8ab510a542</subfield><subfield code='b'>13</subfield><subfield code='c'>false</subfield></datafield><datafield ind1='8' ind2=' ' tag='852'><subfield code='h'>AN (Winthrop) (Twichell, J. H. John Winthrop, first governor of the Massachusetts colony)</subfield><subfield code='0'>7870495</subfield><subfield code='b'>scsbnypl</subfield></datafield><datafield ind1=' ' ind2=' ' tag='876'><subfield code='0'>7870495</subfield><subfield code='a'>12920099</subfield><subfield code='h'>In Library Use</subfield><subfield code='j'>Available</subfield><subfield code='p'>33433082398714</subfield><subfield code='t'>1</subfield><subfield code='x'>Shared</subfield><subfield code='z'>NA</subfield><subfield code='l'>RECAP</subfield></datafield><datafield ind1=' ' ind2=' ' tag='876'><subfield code='0'>7870495</subfield><subfield code='a'>12920100</subfield><subfield code='h'>In Library Use</subfield><subfield code='j'>Available</subfield><subfield code='p'>33433102449638</subfield><subfield code='t'>1</subfield><subfield code='x'>Shared</subfield><subfield code='z'>NA</subfield><subfield code='l'>RECAP</subfield></datafield></record>