
<record><leader>04269nam a2200649I  4500</leader><controlfield tag='001'>SCSB-8583365</controlfield><controlfield tag='003'>OCoLC</controlfield><controlfield tag='005'>20000629184424.0</controlfield><controlfield tag='008'>780110m18981913xx            000 0 eng d</controlfield><controlfield tag='009'>.b126942055</controlfield><datafield ind1=' ' ind2=' ' tag='040'><subfield code='a'>TLM</subfield><subfield code='c'>TLM</subfield><subfield code='d'>NYP</subfield><subfield code='d'>WaOLN</subfield></datafield><datafield ind1=' ' ind2=' ' tag='049'><subfield code='a'>NYPL</subfield></datafield><datafield ind1='1' ind2='4' tag='245'><subfield code='a'>The old records of the town of Fitchburg, Massachusetts.</subfield><subfield code='c'>Compiled by Walter A. Davis, city clerk.</subfield></datafield><datafield ind1=' ' ind2=' ' tag='260'><subfield code='a'>Fitchburg</subfield><subfield code='b'>[Sentinel printing company]</subfield><subfield code='c'>1898-1913.</subfield></datafield><datafield ind1=' ' ind2=' ' tag='300'><subfield code='a'>8 v.</subfield></datafield><datafield ind1=' ' ind2=' ' tag='500'><subfield code='a'>Published by authority of the City council.</subfield></datafield><datafield ind1='0' ind2=' ' tag='505'><subfield code='a'>v. 1. Feb. 3, 1764-Mar.2, 1789. Town meetings and selectmen&apos;s records, 1898.--v. 2. Feb. 9, 1789-Apr. 18, 1796. Town meetings, selectmen&apos;s and miscellaneous records ... also, vital statistics (from ms. v. 1 and 2) 1899.--v. 3. Vital statistics (from ms. v. 2, 4, and 5, bringing record down to 1843) and miscellaneous records. 1900.--v. 4. Apr. 20, 1796-Dec. 4, 1809. Town meetings and selectmen&apos;s records. 1901.--v. 5. Feb. 14, 1810-Oct. 31, 1829. Town meetings and selectmen&apos;s records. 1902.--v. 6. Feb. 13, 1830-Jan. 1, 1844. Town meetings and selectmen&apos;s records. 1903.--v. 7. Mar. 4, 1844-Jan. 21, 1850. Town meetings and selectmen&apos;s records. 1907.--v. 8. Births, May 1843-1849. Marriages, May 1844-Oct. 1851. Deaths, May 1845-1855. 1913.</subfield></datafield><datafield ind1='1' ind2=' ' tag='541'><subfield code='c'>Gift;</subfield><subfield code='a'>New York Genealogical and Biographical Society;</subfield><subfield code='d'>2008.</subfield></datafield><datafield ind1=' ' ind2='0' tag='651'><subfield code='a'>Fitchburg (Mass.)</subfield><subfield code='x'>History</subfield><subfield code='v'>Sources.</subfield></datafield><datafield ind1=' ' ind2='0' tag='650'><subfield code='a'>Registers of births, etc.</subfield><subfield code='z'>Massachusetts</subfield><subfield code='z'>Fitchburg.</subfield></datafield><datafield ind1='1' ind2=' ' tag='700'><subfield code='a'>Davis, Walter A.</subfield><subfield code='q'>(Walter Alonzo),</subfield><subfield code='d'>1846-</subfield><subfield code='4'>com</subfield></datafield><datafield ind1='2' ind2=' ' tag='791'><subfield code='a'>New York Genealogical and Biographical Society Collection.</subfield></datafield><datafield ind1='0' ind2=' ' tag='799'><subfield code='a'>Gift of New York Genealogical and Biographical Society.</subfield></datafield><datafield ind1=' ' ind2=' ' tag='907'><subfield code='a'>.b126942055</subfield><subfield code='c'>m</subfield><subfield code='d'>a</subfield><subfield code='e'>-</subfield><subfield code='f'>eng</subfield><subfield code='g'>xx</subfield><subfield code='h'>4</subfield><subfield code='i'>15</subfield></datafield><datafield ind1=' ' ind2=' ' tag='035'><subfield code='a'>(OCoLC)3549172</subfield></datafield><datafield ind1=' ' ind2=' ' tag='901'><subfield code='a'>82e996f2-3fc8-45e3-83cb-059b3e0bbd9d</subfield><subfield code='b'>9</subfield><subfield code='c'>false</subfield></datafield><datafield ind1='8' ind2=' ' tag='852'><subfield code='h'>NYGB MASS. L F551.1</subfield><subfield code='0'>8742054</subfield><subfield code='b'>scsbnypl</subfield></datafield><datafield ind1=' ' ind2=' ' tag='866'><subfield code='a'>v. 1, v. 2, v. 3, v. 4, v. 5, v. 6, v. 7, v. 8</subfield><subfield code='0'>8742054</subfield></datafield><datafield ind1=' ' ind2=' ' tag='876'><subfield code='0'>8742054</subfield><subfield code='3'>v. 1</subfield><subfield code='a'>14292293</subfield><subfield code='h'>In Library Use</subfield><subfield code='j'>Available</subfield><subfield code='p'>33433083307441</subfield><subfield code='t'>1</subfield><subfield code='x'>Open</subfield><subfield code='z'>NA</subfield><subfield code='l'>RECAP</subfield></datafield><datafield ind1=' ' ind2=' ' tag='876'><subfield code='0'>8742054</subfield><subfield code='3'>v. 2</subfield><subfield code='a'>14292294</subfield><subfield code='h'>In Library Use</subfield><subfield code='j'>Available</subfield><subfield code='p'>33433083307458</subfield><subfield code='t'>1</subfield><subfield code='x'>Open</subfield><subfield code='z'>NA</subfield><subfield code='l'>RECAP</subfield></datafield><datafield ind1=' ' ind2=' ' tag='876'><subfield code='0'>8742054</subfield><subfield code='3'>v. 3</subfield><subfield code='a'>14292295</subfield><subfield code='h'>In Library Use</subfield><subfield code='j'>Available</subfield><subfield code='p'>33433083307466</subfield><subfield code='t'>1</subfield><subfield code='x'>Open</subfield><subfield code='z'>NA</subfield><subfield code='l'>RECAP</subfield></datafield><datafield ind1=' ' ind2=' ' tag='876'><subfield code='0'>8742054</subfield><subfield code='3'>v. 4</subfield><subfield code='a'>14292296</subfield><subfield code='h'>In Library Use</subfield><subfield code='j'>Available</subfield><subfield code='p'>33433083307474</subfield><subfield code='t'>1</subfield><subfield code='x'>Open</subfield><subfield code='z'>NA</subfield><subfield code='l'>RECAP</subfield></datafield><datafield ind1=' ' ind2=' ' tag='876'><subfield code='0'>8742054</subfield><subfield code='3'>v. 5</subfield><subfield code='a'>14292297</subfield><subfield code='h'>In Library Use</subfield><subfield code='j'>Available</subfield><subfield code='p'>33433083307482</subfield><subfield code='t'>1</subfield><subfield code='x'>Open</subfield><subfield code='z'>NA</subfield><subfield code='l'>RECAP</subfield></datafield><datafield ind1=' ' ind2=' ' tag='876'><subfield code='0'>8742054</subfield><subfield code='3'>v. 6</subfield><subfield code='a'>14292298</subfield><subfield code='h'>In Library Use</subfield><subfield code='j'>Available</subfield><subfield code='p'>33433083307490</subfield><subfield code='t'>1</subfield><subfield code='x'>Open</subfield><subfield code='z'>NA</subfield><subfield code='l'>RECAP</subfield></datafield><datafield ind1=' ' ind2=' ' tag='876'><subfield code='0'>8742054</subfield><subfield code='3'>v. 7</subfield><subfield code='a'>14292299</subfield><subfield code='h'>In Library Use</subfield><subfield code='j'>Available</subfield><subfield code='p'>33433083307508</subfield><subfield code='t'>1</subfield><subfield code='x'>Open</subfield><subfield code='z'>NA</subfield><subfield code='l'>RECAP</subfield></datafield><datafield ind1=' ' ind2=' ' tag='876'><subfield code='0'>8742054</subfield><subfield code='3'>v. 8</subfield><subfield code='a'>14292300</subfield><subfield code='h'>In Library Use</subfield><subfield code='j'>Available</subfield><subfield code='p'>33433083307516</subfield><subfield code='t'>1</subfield><subfield code='x'>Open</subfield><subfield code='z'>NA</subfield><subfield code='l'>RECAP</subfield></datafield></record>