
<record><leader>07801cam a2200469 i 4500</leader><controlfield tag='001'>SCSB-15157250</controlfield><controlfield tag='005'>20250729123939.9</controlfield><controlfield tag='008'>241002s2024    gt       b    000 j spa c</controlfield><controlfield tag='009'>in00033890178</controlfield><datafield ind1=' ' ind2=' ' tag='040'><subfield code='a'>CUY</subfield><subfield code='b'>eng</subfield><subfield code='e'>rda</subfield><subfield code='c'>CUY</subfield><subfield code='d'>OCLCO</subfield><subfield code='d'>NOC</subfield><subfield code='d'>OCLCO</subfield></datafield><datafield ind1=' ' ind2=' ' tag='020'><subfield code='a'>9789992227671</subfield></datafield><datafield ind1=' ' ind2=' ' tag='020'><subfield code='a'>9992227672</subfield></datafield><datafield ind1=' ' ind2=' ' tag='035'><subfield code='a'>(OCoLC)1458493191</subfield></datafield><datafield ind1=' ' ind2=' ' tag='042'><subfield code='a'>pcc</subfield></datafield><datafield ind1=' ' ind2=' ' tag='043'><subfield code='a'>ncgt---</subfield></datafield><datafield ind1=' ' ind2='4' tag='050'><subfield code='a'>PQ7498</subfield><subfield code='b'>.O94 2024</subfield></datafield><datafield ind1=' ' ind2=' ' tag='049'><subfield code='a'>ZCUA</subfield></datafield><datafield ind1='0' ind2='0' tag='245'><subfield code='a'>Ovejas negras :</subfield><subfield code='b'>antología de minificción de IximUlew /</subfield><subfield code='c'>cuidado editorial, Rudy Alfonso Gómez Rivas, Norma Liliana Chamalé Patzán, Carmen Tocay, Pablo Sigüenza Ramírez.</subfield></datafield><datafield ind1=' ' ind2=' ' tag='250'><subfield code='a'>Primera edición.</subfield></datafield><datafield ind1=' ' ind2='1' tag='264'><subfield code='a'>Ciudad de Guatemala :</subfield><subfield code='b'>Parutz&apos; Editorial ;</subfield><subfield code='a'>Aguacatán, Huehuetenango :</subfield><subfield code='b'>Cafeína Editores,</subfield><subfield code='c'>2024.</subfield></datafield><datafield ind1=' ' ind2=' ' tag='300'><subfield code='a'>201 pages ;</subfield><subfield code='c'>17 cm</subfield></datafield><datafield ind1=' ' ind2=' ' tag='336'><subfield code='a'>text</subfield><subfield code='b'>txt</subfield><subfield code='2'>rdacontent</subfield></datafield><datafield ind1=' ' ind2=' ' tag='337'><subfield code='a'>unmediated</subfield><subfield code='b'>n</subfield><subfield code='2'>rdamedia</subfield></datafield><datafield ind1=' ' ind2=' ' tag='338'><subfield code='a'>volume</subfield><subfield code='b'>nc</subfield><subfield code='2'>rdacarrier</subfield></datafield><datafield ind1='1' ind2=' ' tag='490'><subfield code='a'>Colección A la luz del encino</subfield></datafield><datafield ind1=' ' ind2=' ' tag='504'><subfield code='a'>Includes bibliographical references.</subfield></datafield><datafield ind1='0' ind2=' ' tag='505'><subfield code='a'>La lección de las maestras / Vania Vargas -- Alteración / Norma Yurié Ordóñez -- Su majestad / Olga Mercedes de Paz Montalván -- Herejía / Fernando Vérkell -- La biblioteca / Pablo Bejarano -- [La vida] / Víctor Muñoz -- Los inalcanzables días naranjas / Nora Murillo Estrada -- Su tierra / Alejandro Urízar -- Marina / Tania Hernández -- La cafetera que quiere ser una flor / Pancho Ruiz -- El corazón amado es el único laberinto de donde no se busca salir / Matheus Kar -- El canasto / Mario Cordero Ávila -- De franco / Claudia Ortiz Paredes -- Aniversario / Denise Phé-Funchal -- Realidad aumentada / Ignacio Montenegro -- Ortóptera / Cecilia Mogollón Villar -- Incredulidad / Jorge Estuardo Molina Loza -- Sincretismo / Andrés Pérez Linares -- Epitafio / Aida Toledo -- Destino / Norma Yurié Ordóñez -- Amor entre robots / Ruth Vaides -- No es lo mismo / Ruth Vaides -- In absentia / Carmen Tocay -- El colibirí / Jonatan Rodas -- Abuelo / Clara González Ixtelelá -- La hija de Ak&apos;abal / Isidro Balam Illú -- Elección / Magda Fabiola Juárez -- Ella / Ángela Orellana -- El silencio del jardín / Marlon Estuardo Yac Pérez -- Luna roja / Juan Alberto Guarcas González -- Falsa autoestima / Brian René Lucas González -- Alas nacen / Edith Gonzáles Vásquez -- Travesía / Manuel Téllez -- Fantasmas de todos los países, uníos / Diego Fernando Ochoa -- La llamada / Eddy Roma -- El Retorno del Jedi / Tania Hernández -- Servicio de mensajes para las almas penitentes / Guisela López -- Ya casi no hablo conmigo / Antonio Luna -- Padre / Violeta de León Benítez -- Santiago Atitlán / Victoria Mogollón Villar -- Me visitó la muerte en sueños / Andrea Valle -- Riesgos / Matheus Kar -- El libro de dios / Néstor Alexander de León Ux -- Juegos / Ángela Eunice Sacalxot -- El bestiario de los Cuchumatanes / Miguel Fuentes -- Las paredes oyen / Kevin Emanuel Rivera Salguero -- [Esta es la historia de una hoja] / Sandra González --</subfield></datafield><datafield ind1='0' ind2=' ' tag='505'><subfield code='a'>[Esta es la historia de un sacapuntas] / Sandra González -- [Esta es la historia de Caricia] / Sandra González -- Los ojos que sienten / Luis Galindo -- Tenía cúmulos de estrellas en los ojos / Carolina Alvarado -- Voto de castidad / María Isabel Grijalva -- Otras maneras de vencer al lobo / Vania Vargas -- Hoja en blanco / Marilinda Guerrero Valenzuela -- Profundidades / Isidro Balam Illú -- Espera / Denise Phé-Funchal -- Volver a la vigilia / Pablo Bejarano -- Lago del Oso / Ana Isabel Cabezas Dardón -- Hogar inteligente / Ignacio Montenegro -- El asesino / Pablo Bejarano -- Tú y solo tú / Leonela Mejía Retolaza -- La Tricentenaria / Miguel Ángel Oxlaj Cúmez -- Desdicha / Axel Wilfredo Morales -- Camaradas / Fernando Vérkell -- Cruz y el bulto / Claudia Jerónimo -- Destellos / Aida Toledo -- Miedo / Alan Gabriel Mogollón Ortiz -- Lápices de colores / Luis Galindo -- Quizá en otra vida / Carmen Tocay -- [&quot;El exceso en el consumo&quot;] / Víctor Muñoz -- La pata de dios / Marlon Iboy García -- Vacío / Ángela Orellana -- Descuido / Elsiton Blanco Reyes -- La visita / Juan Alberto Guarcas Gonzáles -- La bandera / Miguel Angel Oxlaj Cúmez -- La necesidad tiene cara de chucho / Adelmo Bámaca -- Lluvia / Jorge Mario Castillo Escobar -- Dalila / Mario Cordero Ávila -- Sentido común / Byron Ponce Segura -- Abuela / Rigoberto Sucuqui -- La despedida / Liz González -- ¡Algún día habrá tiempo! / Miguel Tum Ajkot -- En Libertad / Claudia Ortiz Paredes -- Quauhtlemallan / Rodrigo Villalobos Fajardo -- Azul / Edith Gonzáles Vásquez -- Veinticuatro / Carol Dardón -- Lázaro / Mario Cordero Ávila -- Augurio / Nora Murillo Estrada -- Los duendes de Ana / Ixmayab&apos; Quib Caal -- Berlín / Mattheus Kar -- Primer número / Diego Fernando Ochoa -- Desechable / Eddy Roma -- El alfajor / Cecilia Mogollón Villar -- Lustro tardío / Arturo Santana Nájera -- Comerse el mundo / Tania Hernández -- Buenos / Marilinda Guerrero Valenzuela --</subfield></datafield><datafield ind1='0' ind2=' ' tag='505'><subfield code='a'>Sesión de desahogo / Marlon Estuardo Yac Pérez -- Río Chixoy / Victoria Mogollón Villar -- La plancha-dragón / Pancho Ruiz -- Desayuno en Pére Lachaise / Carolina Alvarado -- Espectáculo / Álvaro Sánchez -- Descolonizarse / Aida Toledo -- Insomnio / Elsiton Blanco Reyes -- Democracia / Byron Ponce Segura -- Elisea / Tania Hernández -- Catarina / Rigoberto Sucuqui -- La invención de Magritte / Guisela López -- Espejo inteligente / Ignacio Montenegro -- Venganza / Jorge Estuardo Molina Loza -- Alegría / Denise Phé-Funchal -- Cuento de hadas para tiempos modernos / Andrea Valle -- Abanico / María Isabel Grijalva -- Buen provecho / Marilinda Guerrero Valenzuela -- Presidente / Pablo Bejarano -- La cuna / Rodrigo Villalobos Fajardo -- Ch&apos;umilal / Liz González -- Nuestro amado presente / Diego Fernando Ochoa -- Muerte sobre lienzo / Arturo Santana Nájera -- Revelación final / Jorge Estuardo Molina Loza -- La inteligencia más grande del mundo es artificial / Andrea Valle -- Venga a nosotros tu salvación / Marlon Estuardo Yac Pérez -- Estamp norteña / Eddy Roma -- Canción de amor / Ángela Orellano -- El piso continúa mojado / Magda Fabiola Juárez -- Claveles rojos / Miguel Angel Oxlaj Cúmez -- Sueño hecho realidad / Ángela Eunice Sacalxot -- Recuerdos / Alan Gabriel Mogollón Ortiz -- Espectadora / Edith González Vásquez -- Las piedras hablan / Luis Galindo -- El papel como cuerda / Carolina Alvarado -- Albert Miller, Jr. / Fernando Verkell -- Ixtz&apos;nun / Carmen Tocay -- [Yo en el banco] / Víctor Muñoz -- Traducción sesgada de un multiverso / Brian René Lucas González -- Cuento de octubre / Clara González Ixtetelá -- Prueba optométrica / Vania Vargas -- Amanecer / Jonatan Rodas -- Club de lectura / Norma Yurié Ordóñez -- El libro perfecto / Ruth Vaides -- Elogio del instante / Isidro Balam Illú -- Volcánica / Cecilia Mogollón Villar -- El camafeo / Pancho Ruiz.</subfield></datafield><datafield ind1=' ' ind2='0' tag='650'><subfield code='a'>Short stories, Guatemalan.</subfield></datafield><datafield ind1=' ' ind2='6' tag='650'><subfield code='a'>Nouvelles guatémaltèques.</subfield><subfield code='0'>(CaQQLa)000348473</subfield></datafield><datafield ind1=' ' ind2='7' tag='655'><subfield code='a'>short stories.</subfield><subfield code='2'>aat</subfield><subfield code='0'>(CStmoGRI)aatgf300202607</subfield></datafield><datafield ind1=' ' ind2='7' tag='655'><subfield code='a'>Flash fiction.</subfield><subfield code='2'>lcgft</subfield></datafield><datafield ind1=' ' ind2='7' tag='655'><subfield code='a'>Short stories.</subfield><subfield code='2'>lcgft</subfield></datafield><datafield ind1=' ' ind2='7' tag='655'><subfield code='a'>Nouvelles.</subfield><subfield code='2'>rvmgf</subfield><subfield code='0'>(CaQQLa)RVMGF-000000322</subfield></datafield><datafield ind1=' ' ind2='7' tag='655'><subfield code='a'>Micronouvelles.</subfield><subfield code='2'>rvmgf</subfield><subfield code='0'>(CaQQLa)RVMGF-000001604</subfield></datafield><datafield ind1='1' ind2=' ' tag='700'><subfield code='a'>Gomez Rívas, Rudy Alfonzo,</subfield><subfield code='d'>1977-</subfield><subfield code='e'>editor.</subfield><subfield code='1'>https://id.oclc.org/worldcat/entity/E39PCjrYdDW97kPrbkVhckGdV3</subfield></datafield><datafield ind1='1' ind2=' ' tag='700'><subfield code='a'>Chamalé Patzán, Norma Liliana,</subfield><subfield code='e'>editor.</subfield></datafield><datafield ind1='1' ind2=' ' tag='700'><subfield code='a'>Tocay, Carmen,</subfield><subfield code='e'>editor.</subfield></datafield><datafield ind1='1' ind2=' ' tag='700'><subfield code='a'>Sigüenza Ramírez, Pablo,</subfield><subfield code='e'>editor.</subfield><subfield code='1'>https://id.oclc.org/worldcat/entity/E39PCjFcf7gd3gCMQTB38t4Dv3</subfield></datafield><datafield ind1=' ' ind2='0' tag='830'><subfield code='a'>Colección A la luz del encino.</subfield></datafield><datafield ind1=' ' ind2=' ' tag='948'><subfield code='a'>20250729</subfield><subfield code='b'>STATCPY</subfield><subfield code='c'>as2107</subfield><subfield code='d'>MPB</subfield></datafield><datafield ind1='0' ind2='0' tag='852'><subfield code='0'>16245564</subfield><subfield code='h'>PQ7498</subfield><subfield code='i'>.O94 2024g</subfield><subfield code='b'>scsbcul</subfield></datafield><datafield ind1=' ' ind2=' ' tag='876'><subfield code='0'>16245564</subfield><subfield code='a'>22973068</subfield><subfield code='j'>Available</subfield><subfield code='p'>CU29993016</subfield><subfield code='t'>0</subfield><subfield code='x'>Shared</subfield><subfield code='z'>CU</subfield><subfield code='l'>RECAP</subfield></datafield></record>