
<record><leader>00000cam a2200337Ia 4500</leader><controlfield tag='001'>SCSB-12128175</controlfield><controlfield tag='005'>20110322111756.0</controlfield><controlfield tag='008'>101021s2010    ag       b    000 0 spa  </controlfield><controlfield tag='009'>990126217270203941</controlfield><datafield ind1=' ' ind2=' ' tag='035'><subfield code='a'>(MH)012621727HVD01-Aleph</subfield></datafield><datafield ind1=' ' ind2=' ' tag='010'><subfield code='a'>^^2010423949</subfield></datafield><datafield ind1=' ' ind2=' ' tag='020'><subfield code='a'>9789500731997</subfield></datafield><datafield ind1=' ' ind2=' ' tag='020'><subfield code='a'>9500731991</subfield></datafield><datafield ind1=' ' ind2=' ' tag='035'><subfield code='a'>(OCoLC)671310268</subfield></datafield><datafield ind1=' ' ind2=' ' tag='040'><subfield code='a'>DLC</subfield><subfield code='b'>eng</subfield><subfield code='c'>EMU</subfield><subfield code='d'>OCLCQ</subfield></datafield><datafield ind1=' ' ind2=' ' tag='043'><subfield code='a'>s-ag---</subfield></datafield><datafield ind1=' ' ind2='4' tag='050'><subfield code='a'>BR1625</subfield><subfield code='b'>.D57 2010</subfield></datafield><datafield ind1='1' ind2=' ' tag='100'><subfield code='a'>Di Stefano, Roberto,</subfield><subfield code='d'>1962-</subfield></datafield><datafield ind1='1' ind2='0' tag='245'><subfield code='a'>Ovejas negras :</subfield><subfield code='b'>historia de los anticlericales argentinos /</subfield><subfield code='c'>Roberto Di Stefano.</subfield></datafield><datafield ind1=' ' ind2=' ' tag='260'><subfield code='a'>Buenos Aires :</subfield><subfield code='b'>Editorial Sudamericana,</subfield><subfield code='c'>c2010.</subfield></datafield><datafield ind1=' ' ind2=' ' tag='300'><subfield code='a'>411 p. ;</subfield><subfield code='c'>23 cm.</subfield></datafield><datafield ind1='1' ind2=' ' tag='490'><subfield code='a'>Colección Historia argentina</subfield></datafield><datafield ind1=' ' ind2=' ' tag='504'><subfield code='a'>Includes bibliographical references (p. 379-407).</subfield></datafield><datafield ind1=' ' ind2='0' tag='650'><subfield code='a'>Anti-clericalism</subfield><subfield code='z'>Argentina</subfield><subfield code='x'>History.</subfield></datafield><datafield ind1=' ' ind2='0' tag='650'><subfield code='a'>Secularism</subfield><subfield code='z'>Argentina</subfield><subfield code='x'>History.</subfield></datafield><datafield ind1='2' ind2='0' tag='610'><subfield code='a'>Catholic Church</subfield><subfield code='z'>Argentina</subfield><subfield code='x'>History.</subfield></datafield><datafield ind1=' ' ind2='0' tag='650'><subfield code='a'>Catholic Church</subfield><subfield code='z'>Argentina</subfield><subfield code='x'>History.</subfield></datafield><datafield ind1=' ' ind2='7' tag='655'><subfield code='a'>History</subfield><subfield code='2'>fast</subfield></datafield><datafield ind1=' ' ind2='0' tag='830'><subfield code='a'>Colección Historia argentina.</subfield></datafield><datafield ind1='1' ind2=' ' tag='583'><subfield code='a'>committed to retain</subfield><subfield code='c'>20181001</subfield><subfield code='d'>in perpetuity</subfield><subfield code='f'>ReCAP Shared Collection</subfield><subfield code='5'>HUL</subfield><subfield code='8'>222136056770003941</subfield></datafield><datafield ind1='0' ind2=' ' tag='852'><subfield code='c'>HD</subfield><subfield code='h'>BR1625</subfield><subfield code='i'>.D57 2010</subfield><subfield code='0'>12957269</subfield><subfield code='b'>scsbhl</subfield></datafield><datafield ind1=' ' ind2=' ' tag='876'><subfield code='0'>12957269</subfield><subfield code='a'>18754373</subfield><subfield code='h'> </subfield><subfield code='j'>Available</subfield><subfield code='k'>WID</subfield><subfield code='p'>32044119770121</subfield><subfield code='x'>Shared</subfield><subfield code='z'>HW</subfield><subfield code='l'>HD</subfield></datafield></record>