
<record><leader>00669cam a2200229 a 4500</leader><controlfield tag='001'>SCSB-10353927</controlfield><controlfield tag='005'>20071029150146.0</controlfield><controlfield tag='008'>011114s2002    mauac    b    001 0 eng  </controlfield><controlfield tag='009'>990112968260203941</controlfield><datafield ind1=' ' ind2=' ' tag='010'><subfield code='a'>^^2001131522</subfield></datafield><datafield ind1=' ' ind2=' ' tag='020'><subfield code='a'>0618133941</subfield></datafield><datafield ind1=' ' ind2=' ' tag='035'><subfield code='a'>(OCoLC)50175877</subfield></datafield><datafield ind1=' ' ind2=' ' tag='040'><subfield code='a'>DLC</subfield><subfield code='c'>DLC</subfield><subfield code='d'>DLC</subfield></datafield><datafield ind1='0' ind2='0' tag='050'><subfield code='a'>HB75</subfield><subfield code='b'>.L324 2002</subfield></datafield><datafield ind1='0' ind2='0' tag='082'><subfield code='a'>330/.09</subfield><subfield code='2'>21</subfield></datafield><datafield ind1='1' ind2=' ' tag='100'><subfield code='a'>Landreth, Harry</subfield></datafield><datafield ind1='1' ind2='0' tag='245'><subfield code='a'>History of economic thought /</subfield><subfield code='c'>Harry Landreth, David C. Colander.</subfield></datafield><datafield ind1=' ' ind2=' ' tag='250'><subfield code='a'>4th ed.</subfield></datafield><datafield ind1=' ' ind2=' ' tag='260'><subfield code='a'>Boston :</subfield><subfield code='b'>Houghton Mifflin,</subfield><subfield code='c'>c2002.</subfield></datafield><datafield ind1=' ' ind2=' ' tag='300'><subfield code='a'>xxiii, 511 p. :</subfield><subfield code='b'>ill., ports. ;</subfield><subfield code='c'>24 cm.</subfield></datafield><datafield ind1=' ' ind2=' ' tag='504'><subfield code='a'>Includes bibliographical references and index.</subfield></datafield><datafield ind1='0' ind2='0' tag='505'><subfield code='g'>1.</subfield><subfield code='t'>INTROD. --</subfield><subfield code='t'>The central focus of modern economic thought ;</subfield><subfield code='t'>Divisions of modern economic theory ;</subfield><subfield code='t'>Terminology and classification --</subfield><subfield code='t'>Our approach to the history of economic thought ;</subfield><subfield code='t'>Relativist and absolutist approaches ;</subfield><subfield code='t'>Orthodox and heterodox economist --</subfield><subfield code='t'>The role of heterodox economists ;</subfield><subfield code='t'>Defining heterodox ;</subfield><subfield code='t'>How dissenting economists influence economic thought and the profession ;</subfield><subfield code='t'>Problems of heterodox economists --</subfield><subfield code='t'>The problems of presenting diversity --</subfield><subfield code='t'>Methodological issues ;</subfield><subfield code='t'>Economics as an art and as a science ;</subfield><subfield code='t'>The importance of empirical verification --</subfield><subfield code='t'>Benefits to be gained from the study of the history of economic thought --</subfield><subfield code='t'>Appendix for Chapter 1 --</subfield><subfield code='t'>The profession of economics and its methodology --</subfield><subfield code='t'>The spread of economic ideas --</subfield><subfield code='t'>The evolution of methodological thought ;</subfield><subfield code='t'>The rise of logical positivism ;</subfield><subfield code='t'>From logical positivism to falsificationism ;</subfield><subfield code='t'>From falsificationism to paradigms ;</subfield><subfield code='t'>From paradigms to research programs ;</subfield><subfield code='t'>From research programs to sociological and rhetorical approaches to method ;</subfield><subfield code='t'>Postrhetorical methodology ;</subfield><subfield code='t'>Methodological conculsion --</subfield><subfield code='g'>Pt. I.</subfield><subfield code='t'>PRECLASSICAL ECONOMICS --</subfield><subfield code='g'>2.</subfield><subfield code='t'>Early preclassical economic thought --</subfield><subfield code='t'>Important writers --</subfield><subfield code='t'>Some broad generalizations --</subfield><subfield code='t'>Non-western economic thought --</subfield><subfield code='t'>Greek thought ;</subfield><subfield code='t'>Hesio and Xenophon ;</subfield><subfield code='t'>Aristotle --</subfield><subfield code='t'>Arab-Islamic thought ;</subfield><subfield code='t'>Abu Hamid al-Ghazali ;</subfield><subfield code='t'>Ibn Khaldum --</subfield><subfield code='t'>Scholasticism ;</subfield><subfield code='t'>The feudal foundations of scholastic thought ;</subfield><subfield code='t'>St. Thomas Aquinas --</subfield><subfield code='g'>3.</subfield><subfield code='t'>Mercantilism, physiocracy, and other precursors of classical economic thought --</subfield><subfield code='t'>Important writers --</subfield><subfield code='t'>Mercantilism ;</subfield><subfield code='t'>Every person his own economist ;</subfield><subfield code='t'>Power and wealth ;</subfield><subfield code='t'>Balance of trade ;</subfield><subfield code='t'>Money and mercantilism ;</subfield><subfield code='t'>Modern analysis of mercantilism ;</subfield><subfield code='t'>Theoretical contributions of the mercantilists --</subfield><subfield code='t'>Influential precursors of classical thought ;</subfield><subfield code='t'>Thomas Mun ;</subfield><subfield code='t'>William Petty ;</subfield><subfield code='t'>Bernard Mandevill ;</subfield><subfield code='t'>David Hume ;</subfield><subfield code='t'>Richard Cantillon --</subfield><subfield code='t'>Physiocracy ;</subfield><subfield code='t'>Natural law ;</subfield><subfield code='t'>The interrelatedness of an economy ;</subfield><subfield code='t'>Physiocratic economic policy --</subfield><subfield code='t'>Spanish economic thought --</subfield><subfield code='g'>Pt. II.</subfield><subfield code='t'>CLASSICAL ECONOMIC THOUGHT, AND ITS CRITICS --</subfield><subfield code='t'>Important writers ;</subfield><subfield code='t'>Classical political economy ;</subfield><subfield code='t'>Marx&apos;s political economy --</subfield><subfield code='g'>4.</subfield><subfield code='t'>Adam Smith --</subfield><subfield code='t'>The breadth of Adam Smith --</subfield><subfield code='t'>Smith&apos;s analysis of markets and policy conclusions ;</subfield><subfield code='t'>Contextual economic policy ;</subfield><subfield code='t'>Natural order, harmony, and laissez faire ;</subfield><subfield code='t'>The working of competitive markets ;</subfield><subfield code='t'>Capital and the capitalists ;</subfield><subfield code='t'>The impact of Smith on policy --</subfield><subfield code='t'>The nature and causes of the wealth of nations ;</subfield><subfield code='t'>Causes of the wealth of nations ;</subfield><subfield code='t'>Summary of the causes of the wealth of nation --</subfield><subfield code='t'>International trade --</subfield><subfield code='t'>Value theory ;</subfield><subfield code='t'>Relative prices ;</subfield><subfield code='t'>The meaning of value ;</subfield><subfield code='t'>Smith on relative prices --</subfield><subfield code='t'>Distribution theory ;</subfield><subfield code='t'>Wages ;</subfield><subfield code='t'>Wages fund doctrine ;</subfield><subfield code='t'>Profits ;</subfield><subfield code='t'>Rent ;</subfield><subfield code='t'>The rate of profit over time --</subfield><subfield code='t'>Welfare and the general level of prices --</subfield><subfield code='g'>5.</subfield><subfield code='t'>Ricardo and Malthus --</subfield><subfield code='t'>David Ricardo , a theorist&apos;s theorist ;</subfield><subfield code='t'>The period between Smith&apos;s wealth of the nations and Ricardo&apos;s principles --</subfield><subfield code='t'>The Malthusian population doctrine ;</subfield><subfield code='t'>Population theory as an intellectual response to problems of the times ;</subfield><subfield code='t'>The population theory ;</subfield><subfield code='t'>Controversy about the population theory --</subfield><subfield code='t'>Ricardo : method, policy, scope ;</subfield><subfield code='t'>Ricardo&apos;s method ;</subfield><subfield code='t'>Ricardo and economic policy ;</subfield><subfield code='t'>The scope of economics according to Ricardo --</subfield><subfield code='t'>Ricardo&apos;s model ;</subfield><subfield code='t'>The problem of the times : the corn laws ;</subfield><subfield code='t'>Analytical tools and assumptions --</subfield><subfield code='t'>Ricardo&apos;s theory of land rent ;</subfield><subfield code='t'>Dimminishing returns ;</subfield><subfield code='t'>Rent viewed from the product side ;</subfield><subfield code='t'>Rent viewed from the cost side ;</subfield><subfield code='t'>A more general view of the concept of rent --</subfield><subfield code='t'>Ricardo&apos;s value theory ;</subfield><subfield code='t'>Ricardo&apos;s labor cost theory of value ;</subfield><subfield code='t'>Competitively produced goods ;</subfield><subfield code='t'>Difficulties of a labor cost theory of value ;</subfield><subfield code='t'>Did Ricardo hold a labor theory of value? --</subfield><subfield code='t'>Ricardian distribution theory ; Distribution theory ;</subfield><subfield code='t'>Distribution of income over time ;</subfield><subfield code='t'>Back to the corn laws --</subfield><subfield code='t'>Comparative advantage ;</subfield><subfield code='t'>Absolute advantage ;</subfield><subfield code='t'>Comparative advantage ;</subfield><subfield code='t'>Ricardo, Smith and the foundations of trade --</subfield><subfield code='t'>Stability and growth in a capitalistic economy ;</subfield><subfield code='t'>Mercantilist views of aggragated demand ;</subfield><subfield code='t'>Smith&apos;s view of aggregated demand ;</subfield><subfield code='t'>Malthusian underconsumptionism ;</subfield><subfield code='t'>Say&apos;s law ;</subfield><subfield code='t'>The bullion debates, Henry Thornton, and Ricardo&apos;s monetary theory ;</subfield><subfield code='t'>Technological unemployment ;</subfield><subfield code='t'>Keynes on Malthus and Ricardo --</subfield><subfield code='g'>6.</subfield><subfield code='t'>J.S. Mill and the decline of classical economics --</subfield><subfield code='t'>Post-Ricardian developments ;</subfield><subfield code='t'>Early critics of classical economics ;</subfield><subfield code='t'>The scope and method of economics ;</subfield><subfield code='t'>Malthusian population theory ;</subfield><subfield code='t'>Wages fund doctrine ;</subfield><subfield code='t'>Historical dimishing returns ;</subfield><subfield code='t'>The road not taken : Charles Babbage and increasing returns ;</subfield><subfield code='t'>Falling rate of profits ;</subfield><subfield code='t'>Theory of Profits (interest) --</subfield><subfield code='t'>J.S. Mill : the background of his thought ;</subfield><subfield code='t'>Mill&apos;s approach to economics ;</subfield><subfield code='t'>Mill&apos;s eclecticism ;</subfield><subfield code='t'>Heremy Bentham&apos;s influence ;</subfield><subfield code='t'>Laissez faire, intervention, or socialism? ;</subfield><subfield code='t'>A different stationary state ;</subfield><subfield code='t'>Mill&apos;s social philosophy --</subfield><subfield code='t'>Millian economics ;</subfield><subfield code='t'>The role of theory ;</subfield><subfield code='t'>Mill on contextual analysis ;</subfield><subfield code='t'>Value theory ;</subfield><subfield code='t'>International trade theory ;</subfield><subfield code='t'>Mill&apos;s monetary theory and excess supply : Say&apos;s law reconsidered ;</subfield><subfield code='t'>The currency and banking schools ;</subfield><subfield code='t'>The wages fund : Mill&apos;s recantation --</subfield><subfield code='g'>7.</subfield><subfield code='t'>Karl Marx and his critique of classical economics --</subfield><subfield code='t'>An overview of Marx ;</subfield><subfield code='t'>Intellectual sources of Marx&apos;s ideas ;</subfield><subfield code='t'>Marx&apos;s theory of history ;</subfield><subfield code='t'>A closer look at the dialectic ;</subfield><subfield code='t'>Socialism and communism --</subfield><subfield code='t'>Marx&apos;s economic theories ;</subfield><subfield code='t'>Marx&apos;s methodology ;</subfield><subfield code='t'>Commodities and classes ;</subfield><subfield code='t'>Marx&apos;s labor theory of value ;</subfield><subfield code='t'>Surplus and exploitation ;</subfield><subfield code='t'>Marx&apos;s labor theory of value : a summary judgement --</subfield><subfield code='t'>Marx&apos;s analysis of capitalism ;</subfield><subfield code='t'>The reserve army of the unemployed ;</subfield><subfield code='t'>Falling rate of profit ;</subfield><subfield code='t'>The origin of business crises ;</subfield><subfield code='t'>Cyclically recurring fluctuations ;</subfield><subfield code='t'>Disproportionality crises ;</subfield><subfield code='t'>The falling rate of profit and business crises ;</subfield><subfield code='t'>Business crises : a summary ;</subfield><subfield code='t'>The concentration and centralization of capital ;</subfield><subfield code='t'>Increasing misery of the proletariat --</subfield><subfield code='g'>Pt. III.</subfield><subfield code='t'>NEOCLASSICAL ECONOMIC THOUGHT AND ITS CRITICS --</subfield><subfield code='g'>8.</subfield><subfield code='t'>Jevons, Menger, and the foundations of marginal analysis --</subfield><subfield code='t'>Important writers --</subfield><subfield code='t'>Historical links ; Forerunners of marginal analysis --</subfield><subfield code='t'>Jevons, Menger, and Walras ;</subfield><subfield code='t'>A revolution in theory? ;</subfield><subfield code='t'>Inadequacies of the classical theory of value ;</subfield><subfield code='t'>What is utility? ;</subfield><subfield code='t'>Comparisions of utility ;</subfield><subfield code='t'>Utility functions ;</subfield><subfield code='t'>Utility, demand, and exchange ;</subfield><subfield code='t'>The value of factors of production ;</subfield><subfield code='t'>Evaluation of Jevons and Menger ;</subfield><subfield code='t'>Classical versus the emerging neoclassical theory of value --</subfield><subfield code='t'>Second-generation Austrians ;</subfield><subfield code='t'>Friedrich von Wieser ;</subfield><subfield code='t'>Eugen von Böhm-Bawerk ;</subfield><subfield code='t'>Which way to go? The changing scope and method of economics ;</subfield><subfield code='t'>The influence of Jevons, Menger, and Walras on subsequent writers --</subfield><subfield code='g'>9.</subfield><subfield code='t'>The transition to neoclassical economics: marginal analysis extended --</subfield><subfield code='t'>Important writers --</subfield><subfield code='t'>Marginal analysis extended : the second generation --</subfield><subfield code='t'>Marginal productivity theory ;</subfield><subfield code='t'>Principles of diminishing returns ;</subfield><subfield code='t'>The new and the old ;</subfield><subfield code='t'>Product exhaustion ;</subfield><subfield code='t'>Wicksell on product exhaustion ;</subfield><subfield code='t'>Ethical implications of marginal productivity theory ;</subfield><subfield code='t'>Marginal productivity theory criticized --</subfield><subfield code='t'>Profits and interest ;</subfield><subfield code='t'>Profit theory ;</subfield><subfield code='t'>Captial and interest theory ;</subfield><subfield code='t'>The problem of interest ;</subfield><subfield code='t'>Böhm-Bawerk&apos;s theory of interest ;</subfield><subfield code='t'>Fisher on interest ;</subfield><subfield code='t'>The problem of interest : a summary --</subfield><subfield code='g'>10.</subfield><subfield code='t'>Alfred Marshall and neoclassical economics --</subfield><subfield code='t'>Marshall&apos;s claim to being the father of neoclassicism ;</subfield><subfield code='t'>Scope of economics ;</subfield><subfield code='t'>Marshall on method ;</subfield><subfield code='t'>Understanding the complex : the Marchallian method in action ;</subfield><subfield code='t'>The problem with time ;</subfield><subfield code='t'>The Marshallian cross ;</subfield><subfield code='t'>Marshall on demand ;</subfield><subfield code='t'>Consumer&apos;s surplus ;</subfield><subfield code='t'>Taxes and welfare ;</subfield><subfield code='t'>Marshall on supply ;</subfield><subfield code='t'>Marshall on distribution ;</subfield><subfield code='t'>Quasi-rent ;</subfield><subfield code='t'>Stable and unstable equilibrium ;</subfield><subfield code='t'>Economic fluctuations, money, and prices --</subfield><subfield code='g'>11.</subfield><subfield code='t'>Walras and general equilibrium theory --</subfield><subfield code='t'>Walras&apos;s general equilibrium system ;</subfield><subfield code='t'>What is general equilibrium theory? ;</subfield><subfield code='t'>Early precursors of general equilibrium theory ;</subfield><subfield code='t'>Partial and general equilibrium analysis ;</subfield><subfield code='t'>Walras in words ;</subfield><subfield code='t'>Walras in retrospect ;</subfield><subfield code='t'>Walras, marginal productivity, and the interdependence of the economy ;</subfield><subfield code='t'>Walras and Marshall on method ;</subfield><subfield code='t'>Walras on policy --</subfield><subfield code='t'>Vilfredo Pareto --</subfield><subfield code='g'>12.</subfield><subfield code='t'>Institutional and historical critics of neoclassical economics --</subfield><subfield code='t'>Important writers --</subfield><subfield code='t'>Methodological controversy ;</subfield><subfield code='t'>The older historical school ;</subfield><subfield code='t'>The younger historical school ;</subfield><subfield code='t'>The historical method in England --</subfield><subfield code='t'>Thorstein Veblen ;</subfield><subfield code='t'>Veblen&apos;s criticism of neoclassical theory ;</subfield><subfield code='t'>Veblen&apos;s analysis of capitalism ;</subfield><subfield code='t'>The dichotomy ;</subfield><subfield code='t'>The leisure class ;</subfield><subfield code='t'>The stability and long-run tendencies of capitalism ;</subfield><subfield code='t'>Veblen&apos;s contribution --</subfield><subfield code='t'>Wesley Clair Mitchell --</subfield><subfield code='t'>John R. Commons ;</subfield><subfield code='t'>Commons&apos;s legacy ;</subfield><subfield code='t'>Commons&apos;s economic idea --</subfield><subfield code='t'>John A. Hobson --</subfield><subfield code='g'>13.</subfield><subfield code='t'>Austrian critique of neoclassical economics and the debate about socialism and capitalism --</subfield><subfield code='t'>Important writers --</subfield><subfield code='t'>Defining capitalism and socialism --</subfield><subfield code='t'>The emergence of capitalistic thought --</subfield><subfield code='t'>The evolution of Austrian thought --</subfield><subfield code='t'>The development of socialist economic thought ;</subfield><subfield code='t'>Early writing about socialism ;</subfield><subfield code='t'>Marx and socialist thought --</subfield><subfield code='t'>The debate concerning economic systems ;</subfield><subfield code='t'>The transformation problem debate ;</subfield><subfield code='t'>The transition problem debate ;</subfield><subfield code='t'>The allocation of resources debate ;</subfield><subfield code='t'>Socialism and freedom ;</subfield><subfield code='t'>Socialist resource allocation in practice ;</subfield><subfield code='t'>Planning and economic theory : an assessment --</subfield><subfield code='g'>Pt. IV.</subfield><subfield code='t'>MODERN ECONOMICS AND ITS CRITICS --</subfield><subfield code='t'>The state of modern economics --</subfield><subfield code='t'>The structure of part four --</subfield><subfield code='g'>14.</subfield><subfield code='t'>The development of modern microeconomic theory --</subfield><subfield code='t'>Important writers --</subfield><subfield code='t'>The movement away from Marshallian economics</subfield></datafield><datafield ind1='0' ind2='0' tag='505'><subfield code='t'>The formalist revolution in microeconomics ;</subfield><subfield code='t'>The battle over formalist approaches ;</subfield><subfield code='t'>Paul Samuelson ;</subfield><subfield code='t'>Equilibrium and stability ;</subfield><subfield code='t'>Formalists, mathematics, and pedagogy ;</subfield><subfield code='t'>Evolving techniques ;</subfield><subfield code='t'>Applying models to policy --</subfield><subfield code='t'>Milton Firedman and the Chicago approach to microeconomics --</subfield><subfield code='t'>Problems with modern applied economics --</subfield><subfield code='t'>A comparison of neoclassical and modern microeconomics --</subfield><subfield code='g'>15.</subfield><subfield code='t'>The development of modern macroeconomic thought --</subfield><subfield code='t'>Important writers --</subfield><subfield code='t'>Historical forerunners of modern macroeconomics ;</subfield><subfield code='t'>Early work on growth theory ;</subfield><subfield code='t'>Schumpeter and growth ;</subfield><subfield code='t'>The underconsumptionist arguments ;</subfield><subfield code='t'>Quantity theory of money ;</subfield><subfield code='t'>Business cycle theory --</subfield><subfield code='t'>Keynesian macroeconomics ;</subfield><subfield code='t'>The contextual nature of the general theory ;</subfield><subfield code='t'>The rise of the Keynesian multiplier model : 1940-1960 ;</subfield><subfield code='t'>Keynesian Policy ;</subfield><subfield code='t'>Keynes&apos;s philosophical approach to policy --</subfield><subfield code='t'>Modern macroeconomics ;</subfield><subfield code='t'>Monetarism ;</subfield><subfield code='t'>Problems with IS-LM analysis ;</subfield><subfield code='t'>The rise of modern macroeconomics ;</subfield><subfield code='t'>The microfoundations of marcroeconomics ;</subfield><subfield code='t'>The rise of new classical economics ;</subfield><subfield code='t'>New Keynesian economics and coordination failures ;</subfield><subfield code='t'>The movement back to growth and supply ;</subfield><subfield code='t'>Modern macroeconomics in perspective --</subfield><subfield code='g'>16.</subfield><subfield code='t'>The development of econometrics and empirical methods in economics --</subfield><subfield code='t'>Important writers --</subfield><subfield code='t'>Empirical economics ;</subfield><subfield code='t'>Mathematical economics, statistics, and econometrics ;</subfield><subfield code='t'>Early empirical work --</subfield><subfield code='t'>Neoclassical economics and empirical analysis ;</subfield><subfield code='t'>Henry L. Moore ;</subfield><subfield code='t'>Moore&apos;s demand curve and the identification problem ;</subfield><subfield code='t'>Henry Schultz and independent and dependent variables --</subfield><subfield code='t'>Macroeconomics and empirical analysis ;</subfield><subfield code='t'>Jevons&apos;s sunspot theory ;</subfield><subfield code='t'>Moore&apos;s contributions to macroeconomics ;</subfield><subfield code='t'>Wesley C. Mitchell : hetrodox empiricist ;</subfield><subfield code='t'>Measurement and data collection --</subfield><subfield code='t'>The rise of econometrics ;</subfield><subfield code='t'>E.J. Working and the identification problem ;</subfield><subfield code='t'>Keynesian theory and macroeconomics ;</subfield><subfield code='t'>Ragnar Risch, Jan Tinbergen, and the development of large macroeconoometric models ;</subfield><subfield code='t'>Trygve Haavelmo and the probabilistic revolution in econometrics ;</subfield><subfield code='t'>The Cowles Commission and the Cowles Commission method --</subfield><subfield code='t'>The fall from scientific grace of macroeconomics --</subfield><subfield code='t'>Bayesian econometrics --</subfield><subfield code='t'>Experimental economists --</subfield><subfield code='g'>17.</subfield><subfield code='t'>The development of modern heterodox economic thought --</subfield><subfield code='t'>Important writers --</subfield><subfield code='t'>Radicals ;</subfield><subfield code='t'>Twentieth-century parents of modern radicals ;</subfield><subfield code='t'>Contemporary radical econmics --</subfield><subfield code='t'>Modern institutionalists, quasi-institutionalists, and neoinstitutionalists ;</subfield><subfield code='t'>Traditional institutionalist followers of Veblen, Mitchel, and Commons --</subfield><subfield code='t'>Quasi-institutionalists ;</subfield><subfield code='t'>Joseph Schumpeter ;</subfield><subfield code='t'>Gunnar Myrdal ;</subfield><subfield code='t'>John Kenneth Galbraith --</subfield><subfield code='t'>Neoinstitutionalists --</subfield><subfield code='t'>Post-Keynesians ;</subfield><subfield code='t'>British post-Keynesians ;</subfield><subfield code='t'>American post-Keynesians ;</subfield><subfield code='t'>The mainstream response to the post-Keynesians --</subfield><subfield code='t'>Public choice advocates --</subfield><subfield code='t'>Austrian economics --</subfield><subfield code='t'>Other heterodox economic groups.</subfield></datafield><datafield ind1='3' ind2=' ' tag='520'><subfield code='a'>An upper-level text, History of Economic Thought continues to offer a lively, accessible discussion of ideas that have shaped modern economics. The Fourth Edition has been thoroughly revised to reflect recent scholarship and research, as well as a more pointed focus on modern economic thought. The text remains a highly understandable and opinionated--but fair--presentation of the history of economic thought.</subfield></datafield><datafield ind1=' ' ind2='0' tag='650'><subfield code='a'>Economics</subfield><subfield code='x'>History</subfield></datafield><datafield ind1=' ' ind2='7' tag='655'><subfield code='a'>History</subfield><subfield code='2'>fast</subfield><subfield code='0'>(OCoLC)fst01411628</subfield></datafield><datafield ind1='1' ind2=' ' tag='700'><subfield code='a'>Colander, David C.</subfield></datafield><datafield ind1=' ' ind2=' ' tag='901'><subfield code='a'>e1f34d37-0294-4ed4-aa63-aadb13e22b1c</subfield><subfield code='b'>29</subfield><subfield code='c'>true</subfield></datafield><datafield ind1='0' ind2=' ' tag='852'><subfield code='c'>HD</subfield><subfield code='h'>HB75</subfield><subfield code='i'>.L324 2002</subfield><subfield code='0'>11124409</subfield><subfield code='b'>scsbhl</subfield></datafield><datafield ind1=' ' ind2=' ' tag='876'><subfield code='0'>11124409</subfield><subfield code='a'>16845618</subfield><subfield code='h'> </subfield><subfield code='j'>Not Available</subfield><subfield code='k'>LAW</subfield><subfield code='p'>32044088507173</subfield><subfield code='x'>Open</subfield><subfield code='z'>HL</subfield><subfield code='l'>HD</subfield></datafield></record>