
<record><leader>00753nam a22002538a 4500</leader><controlfield tag='001'>SCSB-12394478</controlfield><controlfield tag='005'>20020606104010.5</controlfield><controlfield tag='008'>981023s1999    enk      b    001 0 eng  </controlfield><controlfield tag='009'>990081693710203941</controlfield><datafield ind1=' ' ind2=' ' tag='010'><subfield code='a'>^^^98049422^</subfield></datafield><datafield ind1=' ' ind2=' ' tag='020'><subfield code='a'>0521624495</subfield></datafield><datafield ind1=' ' ind2=' ' tag='020'><subfield code='a'>0521624762</subfield></datafield><datafield ind1=' ' ind2=' ' tag='035'><subfield code='a'>(OCoLC)41212767</subfield></datafield><datafield ind1=' ' ind2=' ' tag='040'><subfield code='a'>DLC</subfield><subfield code='c'>DLC</subfield></datafield><datafield ind1='0' ind2='0' tag='050'><subfield code='a'>Q175</subfield><subfield code='b'>.F894 1999</subfield></datafield><datafield ind1='0' ind2='0' tag='082'><subfield code='a'>501</subfield><subfield code='2'>21</subfield></datafield><datafield ind1='1' ind2=' ' tag='100'><subfield code='a'>Friedman, Michael,</subfield><subfield code='d'>1947-</subfield></datafield><datafield ind1='1' ind2='0' tag='245'><subfield code='a'>Reconsidering logical positivism /</subfield><subfield code='c'>Michael Friedman.</subfield></datafield><datafield ind1=' ' ind2=' ' tag='260'><subfield code='a'>Cambridge, UK ;</subfield><subfield code='a'>New York, NY :</subfield><subfield code='b'>Cambridge University Press,</subfield><subfield code='c'>1999.</subfield></datafield><datafield ind1=' ' ind2=' ' tag='300'><subfield code='a'>xix, 252 p. ;</subfield><subfield code='c'>23 cm.</subfield></datafield><datafield ind1=' ' ind2=' ' tag='504'><subfield code='a'>Includes bibliographical references (p. 235-244) and index.</subfield></datafield><datafield ind1='0' ind2=' ' tag='505'><subfield code='a'>3. Geometry, Convention, and the Relativized A Priori: Reichenbach, Schlick, and Carnap. 4. Poincare&apos;s Conventionalism and the Logical Positivists -- pt. 2. Der logische Aufbau der Welt. 5. Carnap&apos;s Aufbau Reconsidered.</subfield></datafield><datafield ind1='0' ind2=' ' tag='505'><subfield code='a'>6. Epistemology in the Aufbau -- Postscript: Carnap and the Neo-Kantians -- pt. 3. Logico-Mathematical Truth. 7. Analytic Truth in Carnap&apos;s Logical Syntax of Language. 8. Carnap and Wittgenstein&apos;s Tractatus.</subfield></datafield><datafield ind1='0' ind2=' ' tag='505'><subfield code='a'>9. Tolerance and Analyticity in Carnap&apos;s Philosophy of Mathematics.</subfield></datafield><datafield ind1='0' ind2=' ' tag='505'><subfield code='a'>pt. 1. Geometry, Relativity, and Convention. 1. Moritz Schlick&apos;s Philosophical Papers -- Postscript: General Relativity and General Theory of Knowledge. 2. Carnap and Weyl on the Foundations of Geometry and Relativity Theory.</subfield></datafield><datafield ind1=' ' ind2=' ' tag='520'><subfield code='a'>In this collection of essays, the author offers a reinterpretation of the enduring significance of logical positivism, the revolutionary philosophical movement centred around the Vienna Circle in the 1920s and 30s.</subfield></datafield><datafield ind1=' ' ind2='0' tag='650'><subfield code='a'>Science</subfield><subfield code='x'>Philosophy</subfield></datafield><datafield ind1=' ' ind2='0' tag='650'><subfield code='a'>Logical positivism.</subfield></datafield><datafield ind1='1' ind2=' ' tag='583'><subfield code='a'>committed to retain</subfield><subfield code='c'>20181001</subfield><subfield code='d'>in perpetuity</subfield><subfield code='f'>ReCAP Shared Collection</subfield><subfield code='5'>HUL</subfield><subfield code='8'>222033975310003941</subfield></datafield><datafield ind1='0' ind2=' ' tag='852'><subfield code='c'>HD</subfield><subfield code='h'>Q175</subfield><subfield code='i'>.F894 1999</subfield><subfield code='0'>13231109</subfield><subfield code='b'>scsbhl</subfield></datafield><datafield ind1=' ' ind2=' ' tag='876'><subfield code='0'>13231109</subfield><subfield code='a'>19038739</subfield><subfield code='h'> </subfield><subfield code='j'>Available</subfield><subfield code='k'>WID</subfield><subfield code='p'>HNM6NV</subfield><subfield code='x'>Shared</subfield><subfield code='z'>HW</subfield><subfield code='l'>HD</subfield></datafield></record>