
<record><leader>01740nam a2200385 a 4500</leader><controlfield tag='001'>SCSB-8568578</controlfield><controlfield tag='003'>OCoLC</controlfield><controlfield tag='005'>19990224084559.1</controlfield><controlfield tag='008'>940902s1993    njuab        s000 0 eng d</controlfield><controlfield tag='009'>.b123252854</controlfield><datafield ind1=' ' ind2=' ' tag='010'><subfield code='a'>94620733</subfield></datafield><datafield ind1=' ' ind2=' ' tag='040'><subfield code='a'>Nj</subfield><subfield code='c'>DLC</subfield><subfield code='d'>NYP</subfield><subfield code='d'>WaOLN</subfield></datafield><datafield ind1=' ' ind2=' ' tag='042'><subfield code='a'>lccopycat</subfield></datafield><datafield ind1=' ' ind2=' ' tag='043'><subfield code='a'>n-us-nj</subfield></datafield><datafield ind1=' ' ind2=' ' tag='049'><subfield code='a'>NYPE</subfield></datafield><datafield ind1='0' ind2='0' tag='050'><subfield code='a'>TC224.N5</subfield><subfield code='b'>S73 1993</subfield></datafield><datafield ind1='0' ind2='0' tag='082'><subfield code='a'>333.91/7</subfield><subfield code='2'>20</subfield></datafield><datafield ind1='1' ind2=' ' tag='110'><subfield code='a'>New Jersey.</subfield><subfield code='b'>State Beach Erosion Commission.</subfield></datafield><datafield ind1='1' ind2='0' tag='245'><subfield code='a'>Public hearing before the State Beach Erosion Commission :</subfield><subfield code='b'>beach protection strategies--planning for the future.</subfield></datafield><datafield ind1='3' ind2='0' tag='246'><subfield code='a'>Beach protection strategies--planning for the future</subfield></datafield><datafield ind1=' ' ind2=' ' tag='260'><subfield code='a'>Trenton, N.J. (162 W. State St., CN 068, Trenton 08625-0068) :</subfield><subfield code='b'>Office of Legislative Services, Public Information Office, Hearing Unit,</subfield><subfield code='c'>[1993]</subfield></datafield><datafield ind1=' ' ind2=' ' tag='300'><subfield code='a'>1 v. (various pagings) :</subfield><subfield code='b'>ill., maps ;</subfield><subfield code='c'>29 cm.</subfield></datafield><datafield ind1=' ' ind2=' ' tag='500'><subfield code='a'>Cover title.</subfield></datafield><datafield ind1=' ' ind2=' ' tag='500'><subfield code='a'>Hearing held: October 6, 1993, Asbury Park, N.J.</subfield></datafield><datafield ind1=' ' ind2=' ' tag='500'><subfield code='a'>&quot;Report to the Governor&apos;s Science Advisory Committee on the impacts of sea-level rise on coastal New Jersey&quot; / Norbert P. Psuty, chair, Panel on Sea-Level Rise. [1991]: p. 5-51 (2nd group).</subfield></datafield><datafield ind1=' ' ind2='0' tag='650'><subfield code='a'>Shore protection</subfield><subfield code='z'>New Jersey</subfield><subfield code='x'>Public opinion.</subfield></datafield><datafield ind1=' ' ind2='0' tag='650'><subfield code='a'>Public opinion</subfield><subfield code='z'>New Jersey.</subfield></datafield><datafield ind1=' ' ind2='0' tag='650'><subfield code='a'>Coast changes</subfield><subfield code='z'>New Jersey.</subfield></datafield><datafield ind1='1' ind2=' ' tag='700'><subfield code='a'>Psuty, Norbert P.</subfield></datafield><datafield ind1='1' ind2=' ' tag='710'><subfield code='a'>New Jersey.</subfield><subfield code='b'>Governor&apos;s Science Advisory Committee.</subfield></datafield><datafield ind1='0' ind2=' ' tag='730'><subfield code='a'>Report to the Governor&apos;s Science Advisory Committee on the impacts of sea-level rise on coastal New Jersey.</subfield></datafield><datafield ind1=' ' ind2=' ' tag='907'><subfield code='a'>.b123252854</subfield><subfield code='c'>m</subfield><subfield code='d'>a</subfield><subfield code='e'>-</subfield><subfield code='f'>eng</subfield><subfield code='g'>nju</subfield><subfield code='h'>0</subfield><subfield code='i'>1</subfield></datafield><datafield ind1=' ' ind2=' ' tag='035'><subfield code='a'>(OCoLC)29836221</subfield></datafield><datafield ind1='8' ind2=' ' tag='852'><subfield code='h'>JBF 95-849</subfield><subfield code='0'>8726874</subfield><subfield code='b'>scsbnypl</subfield></datafield><datafield ind1=' ' ind2=' ' tag='876'><subfield code='0'>8726874</subfield><subfield code='a'>14268962</subfield><subfield code='j'>Available</subfield><subfield code='p'>33433038238386</subfield><subfield code='t'>1</subfield><subfield code='x'>Shared</subfield><subfield code='z'>NA</subfield><subfield code='l'>RECAP</subfield></datafield></record>