
<record><leader>01402nam a22003614a 4500</leader><controlfield tag='001'>SCSB-4337124</controlfield><controlfield tag='003'>NNC</controlfield><controlfield tag='005'>20221020071316.0</controlfield><controlfield tag='008'>030129s2003    gw a     b    011 0 eng  </controlfield><controlfield tag='009'>3421435</controlfield><datafield ind1=' ' ind2=' ' tag='010'><subfield code='a'>  2003042502</subfield></datafield><datafield ind1=' ' ind2=' ' tag='020'><subfield code='a'>354000579X (softcover : alk. paper)</subfield></datafield><datafield ind1=' ' ind2=' ' tag='035'><subfield code='a'>(OCoLC)51566431</subfield></datafield><datafield ind1=' ' ind2=' ' tag='035'><subfield code='a'>(OCoLC)ocm51566431</subfield></datafield><datafield ind1=' ' ind2=' ' tag='035'><subfield code='9'>AVP0768CU</subfield></datafield><datafield ind1=' ' ind2=' ' tag='035'><subfield code='a'>(NNC)3421435</subfield></datafield><datafield ind1=' ' ind2=' ' tag='035'><subfield code='a'>3421435</subfield></datafield><datafield ind1=' ' ind2=' ' tag='040'><subfield code='a'>DLC</subfield><subfield code='c'>DLC</subfield><subfield code='d'>NNC</subfield></datafield><datafield ind1=' ' ind2=' ' tag='042'><subfield code='a'>pcc</subfield></datafield><datafield ind1='0' ind2='0' tag='050'><subfield code='a'>QA76</subfield><subfield code='b'>. C5476 2003</subfield></datafield><datafield ind1='0' ind2='0' tag='082'><subfield code='a'>004</subfield><subfield code='2'>21</subfield></datafield><datafield ind1='0' ind2='0' tag='245'><subfield code='a'>Computer science in perspective :</subfield><subfield code='b'>essays dedicated to Thomas Ottmann /</subfield><subfield code='c'>Rolf Klein, Hans-Werner Six, Lutz Wegner (eds.).</subfield></datafield><datafield ind1=' ' ind2=' ' tag='260'><subfield code='a'>Berlin ;</subfield><subfield code='a'>New York :</subfield><subfield code='b'>Springer,</subfield><subfield code='c'>2003.</subfield></datafield><datafield ind1=' ' ind2=' ' tag='300'><subfield code='a'>x, 355 pages :</subfield><subfield code='b'>illustrations ;</subfield><subfield code='c'>24 cm.</subfield></datafield><datafield ind1=' ' ind2=' ' tag='336'><subfield code='a'>text</subfield><subfield code='b'>txt</subfield><subfield code='2'>rdacontent</subfield></datafield><datafield ind1=' ' ind2=' ' tag='337'><subfield code='a'>unmediated</subfield><subfield code='b'>n</subfield><subfield code='2'>rdamedia</subfield></datafield><datafield ind1='1' ind2=' ' tag='490'><subfield code='a'>Lecture notes in computer science ;</subfield><subfield code='v'>2598</subfield></datafield><datafield ind1=' ' ind2=' ' tag='504'><subfield code='a'>Includes bibliographical references and index.</subfield></datafield><datafield ind1=' ' ind2='0' tag='650'><subfield code='a'>Computer science.</subfield><subfield code='0'>http://id.loc.gov/authorities/subjects/sh89003285</subfield></datafield><datafield ind1='1' ind2=' ' tag='700'><subfield code='a'>Klein, Rolf,</subfield><subfield code='d'>1953-</subfield><subfield code='0'>http://id.loc.gov/authorities/names/n89666655</subfield></datafield><datafield ind1='1' ind2=' ' tag='700'><subfield code='a'>Six, H.-W.</subfield><subfield code='q'>(Hans-Werner),</subfield><subfield code='d'>1944-</subfield><subfield code='0'>http://id.loc.gov/authorities/names/n89134387</subfield></datafield><datafield ind1='1' ind2=' ' tag='700'><subfield code='a'>Wegner, Lutz.</subfield><subfield code='0'>http://id.loc.gov/authorities/names/n79136771</subfield></datafield><datafield ind1=' ' ind2='0' tag='830'><subfield code='a'>Lecture notes in computer science ;</subfield><subfield code='v'>2598.</subfield><subfield code='0'>http://id.loc.gov/authorities/names/n42015162</subfield></datafield><datafield ind1=' ' ind2=' ' tag='901'><subfield code='a'>f07dcb82-beb1-4228-9f6e-fddb6df6a998</subfield><subfield code='b'>29</subfield><subfield code='c'>false</subfield></datafield><datafield ind1='0' ind2='0' tag='852'><subfield code='h'>QA76 .C5476 2003</subfield><subfield code='0'>4351325</subfield><subfield code='b'>scsbcul</subfield></datafield><datafield ind1=' ' ind2=' ' tag='876'><subfield code='0'>4351325</subfield><subfield code='a'>6291335</subfield><subfield code='h'> </subfield><subfield code='j'>Available</subfield><subfield code='p'>CU62923609</subfield><subfield code='t'>1</subfield><subfield code='x'>Shared</subfield><subfield code='z'>CU</subfield><subfield code='l'>RECAP</subfield></datafield></record>