
<record><leader>01338pam a22003734a 4500</leader><controlfield tag='001'>SCSB-8719576</controlfield><controlfield tag='003'>OCoLC</controlfield><controlfield tag='005'>20030507083412.3</controlfield><controlfield tag='007'>cr un-        </controlfield><controlfield tag='008'>030129s2003    gw a     b    011 0 eng  </controlfield><controlfield tag='009'>.b156137409</controlfield><datafield ind1=' ' ind2=' ' tag='010'><subfield code='a'>2003042502</subfield></datafield><datafield ind1=' ' ind2=' ' tag='020'><subfield code='a'>354000579X (softcover : alk. paper)</subfield></datafield><datafield ind1=' ' ind2=' ' tag='040'><subfield code='a'>DLC</subfield><subfield code='c'>DLC</subfield><subfield code='d'>OHX</subfield><subfield code='d'>C$Q</subfield><subfield code='d'>NYP</subfield><subfield code='d'>OCoLC</subfield></datafield><datafield ind1=' ' ind2=' ' tag='042'><subfield code='a'>pcc</subfield></datafield><datafield ind1=' ' ind2=' ' tag='049'><subfield code='a'>NYPS</subfield></datafield><datafield ind1='0' ind2='0' tag='050'><subfield code='a'>QA76</subfield><subfield code='b'>.C5476 2003</subfield></datafield><datafield ind1=' ' ind2='7' tag='072'><subfield code='a'>QA</subfield><subfield code='2'>lcco</subfield></datafield><datafield ind1='0' ind2='0' tag='082'><subfield code='a'>004</subfield><subfield code='2'>21</subfield></datafield><datafield ind1='0' ind2='0' tag='245'><subfield code='a'>Computer science in perspective :</subfield><subfield code='b'>essays dedicated to Thomas Ottmann /</subfield><subfield code='c'>Rolf Klein, Hans-Werner Six, Lutz Wegner (eds.).</subfield></datafield><datafield ind1=' ' ind2=' ' tag='260'><subfield code='a'>Berlin ;</subfield><subfield code='a'>New York :</subfield><subfield code='b'>Springer,</subfield><subfield code='c'>2003.</subfield></datafield><datafield ind1=' ' ind2=' ' tag='300'><subfield code='a'>x, 355 p. :</subfield><subfield code='b'>ill. ;</subfield><subfield code='c'>23 cm.</subfield></datafield><datafield ind1=' ' ind2='0' tag='440'><subfield code='a'>Lecture notes in computer science ;</subfield><subfield code='v'>2598</subfield></datafield><datafield ind1=' ' ind2=' ' tag='504'><subfield code='a'>Includes bibliographical references and index.</subfield></datafield><datafield ind1=' ' ind2=' ' tag='530'><subfield code='a'>Also available via the World Wide Web.</subfield></datafield><datafield ind1=' ' ind2='0' tag='650'><subfield code='a'>Computer science.</subfield></datafield><datafield ind1='1' ind2=' ' tag='700'><subfield code='a'>Klein, Rolf,</subfield><subfield code='d'>1953-</subfield></datafield><datafield ind1='1' ind2=' ' tag='700'><subfield code='a'>Six, H.-W.</subfield><subfield code='q'>(Hans-Werner),</subfield><subfield code='d'>1944-</subfield></datafield><datafield ind1='1' ind2=' ' tag='700'><subfield code='a'>Wegner, Lutz.</subfield></datafield><datafield ind1=' ' ind2=' ' tag='907'><subfield code='a'>.b156137409</subfield><subfield code='c'>m</subfield><subfield code='d'>a</subfield><subfield code='e'>-</subfield><subfield code='f'>eng</subfield><subfield code='g'>gw</subfield><subfield code='h'>0</subfield><subfield code='i'>1</subfield></datafield><datafield ind1=' ' ind2=' ' tag='035'><subfield code='a'>(OCoLC)51566431</subfield></datafield><datafield ind1=' ' ind2=' ' tag='901'><subfield code='a'>f07dcb82-beb1-4228-9f6e-fddb6df6a998</subfield><subfield code='b'>29</subfield><subfield code='c'>false</subfield></datafield><datafield ind1='8' ind2=' ' tag='852'><subfield code='h'>JSE 03-222</subfield><subfield code='0'>8880451</subfield><subfield code='b'>scsbnypl</subfield></datafield><datafield ind1=' ' ind2=' ' tag='876'><subfield code='0'>8880451</subfield><subfield code='a'>14448707</subfield><subfield code='j'>Available</subfield><subfield code='p'>33433032566337</subfield><subfield code='t'>1</subfield><subfield code='x'>Open</subfield><subfield code='z'>NA</subfield><subfield code='l'>RECAP</subfield></datafield></record>