
<record><leader>01718nam a2200373 a 4500</leader><controlfield tag='001'>SCSB-2983388</controlfield><controlfield tag='003'>NNC</controlfield><controlfield tag='005'>20220601220932.0</controlfield><controlfield tag='008'>920519t19921992gw a     b    101 0 eng  </controlfield><controlfield tag='009'>1155099</controlfield><datafield ind1=' ' ind2=' ' tag='010'><subfield code='a'>   92019519 </subfield></datafield><datafield ind1=' ' ind2=' ' tag='020'><subfield code='a'>3540556311 (Berlin : acid-free paper)</subfield></datafield><datafield ind1=' ' ind2=' ' tag='020'><subfield code='a'>0387556311 (New York : acid-free paper)</subfield></datafield><datafield ind1=' ' ind2=' ' tag='035'><subfield code='a'>(OCoLC)26014387</subfield></datafield><datafield ind1=' ' ind2=' ' tag='035'><subfield code='a'>(OCoLC)ocm26014387</subfield></datafield><datafield ind1=' ' ind2=' ' tag='035'><subfield code='9'>AGL5727CU</subfield></datafield><datafield ind1=' ' ind2=' ' tag='035'><subfield code='a'>(NNC)1155099</subfield></datafield><datafield ind1=' ' ind2=' ' tag='035'><subfield code='a'>1155099</subfield></datafield><datafield ind1=' ' ind2=' ' tag='040'><subfield code='a'>DLC</subfield><subfield code='c'>DLC</subfield><subfield code='d'>DLC</subfield><subfield code='d'>NNC</subfield></datafield><datafield ind1='0' ind2='0' tag='050'><subfield code='a'>QA76.9.M35</subfield><subfield code='b'>C655 1992</subfield></datafield><datafield ind1='0' ind2='0' tag='082'><subfield code='a'>005.13/1</subfield><subfield code='2'>20</subfield></datafield><datafield ind1='0' ind2='0' tag='245'><subfield code='a'>Constructivity in computer science :</subfield><subfield code='b'>summer symposium, San Antonio, TX, June 19-22, 1991 : proceedings /</subfield><subfield code='c'>J.P. Myers, Jr., M.J. O&apos;Donnell, eds.</subfield></datafield><datafield ind1=' ' ind2=' ' tag='260'><subfield code='a'>Berlin ;</subfield><subfield code='a'>New York :</subfield><subfield code='b'>Springer-Verlag,</subfield><subfield code='c'>[1992], ©1992.</subfield></datafield><datafield ind1=' ' ind2=' ' tag='300'><subfield code='a'>x, 246 pages :</subfield><subfield code='b'>illustrations ;</subfield><subfield code='c'>25 cm.</subfield></datafield><datafield ind1=' ' ind2=' ' tag='336'><subfield code='a'>text</subfield><subfield code='2'>rdacontent</subfield></datafield><datafield ind1=' ' ind2=' ' tag='337'><subfield code='a'>unmediated</subfield><subfield code='2'>rdamedia</subfield></datafield><datafield ind1=' ' ind2=' ' tag='338'><subfield code='a'>volume</subfield><subfield code='2'>rdacarrier</subfield></datafield><datafield ind1='1' ind2=' ' tag='490'><subfield code='a'>Lecture notes in computer science ;</subfield><subfield code='v'>613</subfield></datafield><datafield ind1=' ' ind2=' ' tag='500'><subfield code='a'>Contains papers presented at the Symposium on Constructivity in Computer Science held in San Antonio, Tex., June 19-22, 1991, sponsored by Trinity University, the University of Chicago, and the Association for Symbolic Logic.</subfield></datafield><datafield ind1=' ' ind2=' ' tag='504'><subfield code='a'>Includes bibliographical references and index.</subfield></datafield><datafield ind1=' ' ind2='0' tag='650'><subfield code='a'>Computer science</subfield><subfield code='x'>Mathematics</subfield><subfield code='v'>Congresses.</subfield><subfield code='0'>http://id.loc.gov/authorities/subjects/sh2008101221</subfield></datafield><datafield ind1='1' ind2=' ' tag='700'><subfield code='a'>Myers, J. P.</subfield><subfield code='q'>(J. Paul),</subfield><subfield code='d'>1946-</subfield><subfield code='0'>http://id.loc.gov/authorities/names/n92055196</subfield></datafield><datafield ind1='1' ind2=' ' tag='700'><subfield code='a'>O&apos;Donnell, Michael J.,</subfield><subfield code='d'>1952-</subfield><subfield code='0'>http://id.loc.gov/authorities/names/n84231164</subfield></datafield><datafield ind1=' ' ind2='0' tag='830'><subfield code='a'>Lecture notes in computer science ;</subfield><subfield code='v'>613.</subfield><subfield code='0'>http://id.loc.gov/authorities/names/n42015162</subfield></datafield><datafield ind1=' ' ind2=' ' tag='901'><subfield code='a'>b94a930a-3329-46f0-807d-c2526847c003</subfield><subfield code='b'>29</subfield><subfield code='c'>false</subfield></datafield><datafield ind1='0' ind2='0' tag='852'><subfield code='h'>QA76.9.M35 C655 1992</subfield><subfield code='0'>2962605</subfield><subfield code='b'>scsbcul</subfield></datafield><datafield ind1=' ' ind2=' ' tag='876'><subfield code='0'>2962605</subfield><subfield code='a'>4611293</subfield><subfield code='h'> </subfield><subfield code='j'>Available</subfield><subfield code='p'>CU62905198</subfield><subfield code='t'>1</subfield><subfield code='x'>Open</subfield><subfield code='z'>CU</subfield><subfield code='l'>RECAP</subfield></datafield></record>