
<record><leader>01096nam a2200289 a 4500</leader><controlfield tag='001'>SCSB-8532699</controlfield><controlfield tag='005'>20000629181826.0</controlfield><controlfield tag='008'>921113s1992    gw a     b    101 0 eng  </controlfield><controlfield tag='009'>.b116416348</controlfield><datafield ind1=' ' ind2=' ' tag='010'><subfield code='a'>92019519</subfield></datafield><datafield ind1=' ' ind2=' ' tag='020'><subfield code='a'>3540556311</subfield></datafield><datafield ind1=' ' ind2=' ' tag='020'><subfield code='a'>0387556311</subfield></datafield><datafield ind1=' ' ind2=' ' tag='040'><subfield code='a'>DLC</subfield><subfield code='c'>DLC</subfield><subfield code='d'>NhD</subfield><subfield code='d'>NjP</subfield><subfield code='d'>WaOLN</subfield></datafield><datafield ind1='0' ind2='0' tag='050'><subfield code='a'>QA76.9.M35</subfield><subfield code='b'>C655 1992</subfield></datafield><datafield ind1='0' ind2='0' tag='245'><subfield code='a'>Constructivity in computer science :</subfield><subfield code='b'>summer symposium, San Antonio, TX, June 19-22, 1991, proceedings /</subfield><subfield code='c'>J.P. Myers, Jr., M.J. O&apos;Donnell, eds.</subfield></datafield><datafield ind1=' ' ind2=' ' tag='260'><subfield code='a'>Berlin ;</subfield><subfield code='a'>New York :</subfield><subfield code='b'>Springer-Verlag,</subfield><subfield code='c'>c1992.</subfield></datafield><datafield ind1=' ' ind2=' ' tag='300'><subfield code='a'>x, 246 p. :</subfield><subfield code='b'>ill. ;</subfield><subfield code='c'>24 cm.</subfield></datafield><datafield ind1=' ' ind2='0' tag='440'><subfield code='a'>Lecture notes in computer science ;</subfield><subfield code='v'>613</subfield></datafield><datafield ind1=' ' ind2=' ' tag='504'><subfield code='a'>Includes bibliographical references and index.</subfield></datafield><datafield ind1=' ' ind2='0' tag='650'><subfield code='a'>Computer science</subfield><subfield code='x'>Mathematics</subfield><subfield code='v'>Congresses.</subfield></datafield><datafield ind1='1' ind2=' ' tag='700'><subfield code='a'>Myers, J. P.</subfield><subfield code='q'>(J. Paul),</subfield><subfield code='d'>1946-</subfield></datafield><datafield ind1='1' ind2=' ' tag='700'><subfield code='a'>O&apos;Donnell, Michael J.,</subfield><subfield code='d'>1952-</subfield></datafield><datafield ind1=' ' ind2=' ' tag='907'><subfield code='a'>.b116416348</subfield><subfield code='c'>m</subfield><subfield code='d'>a</subfield><subfield code='e'>-</subfield><subfield code='f'>eng</subfield><subfield code='g'>gw</subfield><subfield code='h'>0</subfield><subfield code='i'>1</subfield></datafield><datafield ind1=' ' ind2=' ' tag='991'><subfield code='y'>26014387</subfield></datafield><datafield ind1=' ' ind2=' ' tag='035'><subfield code='a'>(OCoLC)26014387</subfield></datafield><datafield ind1=' ' ind2=' ' tag='901'><subfield code='a'>b94a930a-3329-46f0-807d-c2526847c003</subfield><subfield code='b'>29</subfield><subfield code='c'>false</subfield></datafield><datafield ind1='8' ind2=' ' tag='852'><subfield code='h'>JSF 92-722</subfield><subfield code='0'>8690000</subfield><subfield code='b'>scsbnypl</subfield></datafield><datafield ind1=' ' ind2=' ' tag='876'><subfield code='0'>8690000</subfield><subfield code='a'>14202465</subfield><subfield code='j'>Available</subfield><subfield code='p'>33433037913906</subfield><subfield code='t'>1</subfield><subfield code='x'>Open</subfield><subfield code='z'>NA</subfield><subfield code='l'>RECAP</subfield></datafield></record>