
<record><leader>00000cam a2200565 i 4500</leader><controlfield tag='001'>SCSB-10974819</controlfield><controlfield tag='005'>20140516192557.0</controlfield><controlfield tag='008'>121116s2013    enk      bkq  001 0beng  </controlfield><controlfield tag='009'>990139153100203941</controlfield><datafield ind1=' ' ind2=' ' tag='010'><subfield code='a'>^^2012046460</subfield></datafield><datafield ind1=' ' ind2=' ' tag='020'><subfield code='a'>9781845539887 (pb)</subfield></datafield><datafield ind1=' ' ind2=' ' tag='020'><subfield code='a'>1845539885 (pb)</subfield></datafield><datafield ind1=' ' ind2=' ' tag='035'><subfield code='a'>(OCoLC)813526289</subfield><subfield code='z'>(OCoLC)852660454</subfield><subfield code='z'>(OCoLC)854902080</subfield><subfield code='z'>(OCoLC)859234054</subfield></datafield><datafield ind1=' ' ind2=' ' tag='040'><subfield code='a'>DLC</subfield><subfield code='b'>eng</subfield><subfield code='e'>rda</subfield><subfield code='c'>DLC</subfield><subfield code='d'>BTCTA</subfield><subfield code='d'>OCLCO</subfield><subfield code='d'>YDXCP</subfield><subfield code='d'>IBZ</subfield><subfield code='d'>VP@</subfield><subfield code='d'>CHVBK</subfield><subfield code='d'>ZCU</subfield><subfield code='d'>OCLCO</subfield><subfield code='d'>CDX</subfield><subfield code='d'>NYP</subfield><subfield code='d'>COO</subfield><subfield code='d'>NYP</subfield></datafield><datafield ind1=' ' ind2=' ' tag='042'><subfield code='a'>pcc</subfield></datafield><datafield ind1=' ' ind2=' ' tag='043'><subfield code='a'>n-us---</subfield></datafield><datafield ind1='0' ind2='0' tag='050'><subfield code='a'>ML420.S5635</subfield><subfield code='b'>E45 2013</subfield></datafield><datafield ind1='0' ind2='0' tag='082'><subfield code='a'>782.42164092</subfield><subfield code='a'>B</subfield><subfield code='2'>23</subfield></datafield><datafield ind1='1' ind2=' ' tag='100'><subfield code='a'>Elliott, Richard,</subfield><subfield code='d'>1971 June 28-</subfield><subfield code='e'>author.</subfield></datafield><datafield ind1='1' ind2='0' tag='245'><subfield code='a'>Nina Simone /</subfield><subfield code='c'>Richard Elliott.</subfield></datafield><datafield ind1=' ' ind2='1' tag='264'><subfield code='a'>Sheffield, UK :</subfield><subfield code='b'>Equinox Publishing,</subfield><subfield code='c'>[2013]</subfield></datafield><datafield ind1=' ' ind2=' ' tag='300'><subfield code='a'>168 pages ;</subfield><subfield code='c'>22 cm.</subfield></datafield><datafield ind1=' ' ind2=' ' tag='336'><subfield code='a'>text</subfield><subfield code='2'>rdacontent</subfield></datafield><datafield ind1=' ' ind2=' ' tag='337'><subfield code='a'>unmediated</subfield><subfield code='2'>rdamedia</subfield></datafield><datafield ind1=' ' ind2=' ' tag='338'><subfield code='a'>volume</subfield><subfield code='2'>rdacarrier</subfield></datafield><datafield ind1='1' ind2=' ' tag='490'><subfield code='a'>Icons of pop music</subfield></datafield><datafield ind1=' ' ind2=' ' tag='520'><subfield code='a'>&quot;Nina Simone defied musical categories even as she fought against social ones and the result is a body of work that draws on classical and jazz music, country blues, French chanson, gospel, protest songs, pop and rock tunes, turning genres and styles inside out in pursuit of what Simone called &apos;black classical music&apos;. This book begins with a focus on the early part of Simone&apos;s career and a discussion of genre and style. Connecting its analysis to a discussion of social categorization, particularly race, it argues that Simone&apos;s defiance of stylistic boundaries can be seen as a political act. The focus then shifts to Simone&apos;s self-written protest material, connecting it to her increasing involvement in the struggle for civil rights. The book provides an in-depth account of Simone&apos;s &apos;possession&apos; of material by writers such as Leonard Cohen, Bob Dylan, Sandy Denny and Judy Collins. In considering material from Simone&apos;s lesser-known work of the 1970s to the 1990s, the study proposes a theory of the &apos;late voice&apos; in which issues of age, experience and memory are emphasised, before concluding with a discussion of Simone&apos;s ongoing legacy.&quot;--</subfield><subfield code='c'>Publisher&apos;s website: https://www.equinoxpub.com/equinox/books/showbook.asp?bkid=505.</subfield></datafield><datafield ind1=' ' ind2=' ' tag='504'><subfield code='a'>Includes bibliographical references (pages 154-158) and index.</subfield></datafield><datafield ind1=' ' ind2=' ' tag='504'><subfield code='a'>Includes discography (pages 159-163).</subfield></datafield><datafield ind1=' ' ind2=' ' tag='504'><subfield code='a'>Includes filmography (pages 163-164).</subfield></datafield><datafield ind1='0' ind2=' ' tag='505'><subfield code='a'>Machine generated contents note: 1. Categories -- 2. Politics -- 3. Possession -- 4. Lateness -- 5. Legacy.</subfield></datafield><datafield ind1=' ' ind2='0' tag='650'><subfield code='a'>African Americans</subfield><subfield code='x'>Civil rights</subfield><subfield code='v'>Songs and music</subfield></datafield><datafield ind1='1' ind2='0' tag='600'><subfield code='a'>Simone, Nina,</subfield><subfield code='d'>1933-2003</subfield></datafield><datafield ind1='1' ind2='0' tag='600'><subfield code='a'>Simone, Nina,</subfield><subfield code='d'>1933-2003</subfield><subfield code='x'>Political activity.</subfield></datafield><datafield ind1=' ' ind2='0' tag='650'><subfield code='a'>African American women singers</subfield><subfield code='v'>Biography.</subfield></datafield><datafield ind1=' ' ind2='0' tag='650'><subfield code='a'>African American women jazz singers</subfield><subfield code='v'>Biography.</subfield></datafield><datafield ind1=' ' ind2='0' tag='650'><subfield code='a'>African American singers</subfield><subfield code='v'>Biography</subfield></datafield><datafield ind1=' ' ind2='0' tag='650'><subfield code='a'>Women singers</subfield><subfield code='z'>United States</subfield><subfield code='v'>Biography</subfield></datafield><datafield ind1=' ' ind2='0' tag='650'><subfield code='a'>African American women civil rights workers</subfield><subfield code='v'>Biography</subfield></datafield><datafield ind1=' ' ind2='7' tag='655'><subfield code='a'>Biographies</subfield><subfield code='2'>fast</subfield><subfield code='0'>(OCoLC)fst01423686</subfield></datafield><datafield ind1=' ' ind2='7' tag='655'><subfield code='a'>Criticism, interpretation, etc.</subfield><subfield code='2'>fast</subfield><subfield code='0'>(OCoLC)fst01411635</subfield></datafield><datafield ind1=' ' ind2='0' tag='830'><subfield code='a'>Icons of pop music.</subfield></datafield><datafield ind1='1' ind2=' ' tag='583'><subfield code='a'>committed to retain</subfield><subfield code='c'>20181001</subfield><subfield code='d'>in perpetuity</subfield><subfield code='f'>ReCAP Shared Collection</subfield><subfield code='5'>HUL</subfield><subfield code='8'>222175307950003941</subfield></datafield><datafield ind1=' ' ind2=' ' tag='901'><subfield code='a'>22a91f73-d88f-4879-9316-9562ab117244</subfield><subfield code='b'>29</subfield><subfield code='c'>false</subfield></datafield><datafield ind1='0' ind2=' ' tag='852'><subfield code='c'>HD</subfield><subfield code='h'>ML420.S5635</subfield><subfield code='i'>E45 2013</subfield><subfield code='0'>11769905</subfield><subfield code='b'>scsbhl</subfield></datafield><datafield ind1=' ' ind2=' ' tag='876'><subfield code='0'>11769905</subfield><subfield code='a'>17521884</subfield><subfield code='h'> </subfield><subfield code='j'>Available</subfield><subfield code='k'>WID</subfield><subfield code='p'>32044119952935</subfield><subfield code='x'>Shared</subfield><subfield code='z'>HW</subfield><subfield code='l'>HD</subfield></datafield></record>