
<record><leader>00000cam a2200313 a 4500</leader><controlfield tag='001'>SCSB-10169316</controlfield><controlfield tag='005'>20100211112614.0</controlfield><controlfield tag='008'>090624s2009    enka     b    001 0beng  </controlfield><controlfield tag='009'>990118915620203941</controlfield><datafield ind1=' ' ind2=' ' tag='010'><subfield code='a'>^^2009537216</subfield></datafield><datafield ind1=' ' ind2=' ' tag='015'><subfield code='a'>GBA8C9169</subfield><subfield code='2'>bnb</subfield></datafield><datafield ind1='7' ind2=' ' tag='016'><subfield code='a'>014800300</subfield><subfield code='2'>Uk</subfield></datafield><datafield ind1=' ' ind2=' ' tag='020'><subfield code='a'>9781845134303 (hbk.)</subfield></datafield><datafield ind1=' ' ind2=' ' tag='020'><subfield code='a'>1845134303 (hbk.)</subfield></datafield><datafield ind1=' ' ind2=' ' tag='035'><subfield code='a'>(OCoLC)262887480</subfield><subfield code='z'>(OCoLC)1322481214</subfield></datafield><datafield ind1=' ' ind2=' ' tag='040'><subfield code='a'>UKM</subfield><subfield code='c'>UKM</subfield><subfield code='d'>BTCTA</subfield><subfield code='d'>YDXCP</subfield><subfield code='d'>BWK</subfield><subfield code='d'>CDX</subfield><subfield code='d'>PIT</subfield><subfield code='d'>DLC</subfield><subfield code='d'>HMU</subfield></datafield><datafield ind1='1' ind2=' ' tag='041'><subfield code='a'>eng</subfield><subfield code='h'>fre</subfield></datafield><datafield ind1=' ' ind2=' ' tag='042'><subfield code='a'>lccopycat</subfield></datafield><datafield ind1=' ' ind2=' ' tag='043'><subfield code='a'>n-us---</subfield></datafield><datafield ind1='0' ind2='0' tag='050'><subfield code='a'>ML420.S5635</subfield><subfield code='b'>B713 2009</subfield></datafield><datafield ind1='0' ind2='0' tag='082'><subfield code='a'>782.42164092</subfield><subfield code='a'>B</subfield><subfield code='2'>22</subfield></datafield><datafield ind1='1' ind2=' ' tag='100'><subfield code='a'>Brun-Lambert, David</subfield></datafield><datafield ind1='0' ind2='0' tag='240'><subfield code='a'>Nina Simone.</subfield><subfield code='l'>English</subfield></datafield><datafield ind1='1' ind2='0' tag='245'><subfield code='a'>Nina Simone :</subfield><subfield code='b'>the biography /</subfield><subfield code='c'>David Brun-Lambert ; [translation by Paul Morris &amp; Isabelle Villancher].</subfield></datafield><datafield ind1=' ' ind2=' ' tag='260'><subfield code='a'>London :</subfield><subfield code='b'>Aurum,</subfield><subfield code='c'>2009.</subfield></datafield><datafield ind1=' ' ind2=' ' tag='300'><subfield code='a'>346, [8] p. :</subfield><subfield code='b'>ill. ;</subfield><subfield code='c'>24 cm.</subfield></datafield><datafield ind1=' ' ind2=' ' tag='504'><subfield code='a'>Includes bibliographical references and index,</subfield></datafield><datafield ind1='0' ind2=' ' tag='505'><subfield code='a'>Prologue -- The first notes of the melody -- From renunciation to revelation -- Something inside her comes aught -- I know what the world has done to my brother -- Hell is right beside me -- There&apos;s no way out of our troubles -- The company of ghosts -- Adrift -- One morning I took a look at civilization -- Somewhere between the black keys and the white I found my balance -- So while you&apos;re imitating Al Capone I&apos;ll be Nina Simone -- After that it&apos;s all just pain.</subfield></datafield><datafield ind1=' ' ind2=' ' tag='520'><subfield code='a'>Biography of the tumultuous life of the unique, &quot;High Priestess of Soul.&quot;</subfield></datafield><datafield ind1='1' ind2='0' tag='600'><subfield code='a'>Simone, Nina,</subfield><subfield code='d'>1933-2003</subfield></datafield><datafield ind1=' ' ind2='0' tag='650'><subfield code='a'>Singers</subfield><subfield code='v'>Biography</subfield></datafield><datafield ind1=' ' ind2='7' tag='655'><subfield code='a'>Biographies</subfield><subfield code='2'>fast</subfield></datafield><datafield ind1='1' ind2=' ' tag='700'><subfield code='a'>Morris, Paul</subfield><subfield code='e'>translator.</subfield></datafield><datafield ind1='1' ind2=' ' tag='700'><subfield code='a'>Villancher, Isabelle,</subfield><subfield code='e'>translator.</subfield></datafield><datafield ind1='0' ind2='8' tag='776'><subfield code='i'>Online version:</subfield><subfield code='a'>Brun-Lambert, David.</subfield><subfield code='s'>Nina Simone. English.</subfield><subfield code='t'>Nina Simone.</subfield><subfield code='d'>London : Aurum, ©2009</subfield><subfield code='w'>(OCoLC)639341133</subfield></datafield><datafield ind1='1' ind2=' ' tag='583'><subfield code='a'>committed to retain</subfield><subfield code='c'>20181001</subfield><subfield code='d'>in perpetuity</subfield><subfield code='f'>ReCAP Shared Collection</subfield><subfield code='5'>HUL</subfield><subfield code='8'>222127094170003941</subfield></datafield><datafield ind1=' ' ind2=' ' tag='901'><subfield code='a'>93e96e41-bf91-4b1e-88d4-7f0bda163dee</subfield><subfield code='b'>29</subfield><subfield code='c'>false</subfield></datafield><datafield ind1='0' ind2=' ' tag='852'><subfield code='c'>HD</subfield><subfield code='h'>ML420.S5635</subfield><subfield code='i'>B713 2009</subfield><subfield code='0'>10926456</subfield><subfield code='b'>scsbhl</subfield></datafield><datafield ind1=' ' ind2=' ' tag='876'><subfield code='0'>10926456</subfield><subfield code='a'>16635424</subfield><subfield code='h'> </subfield><subfield code='j'>Available</subfield><subfield code='k'>MUS</subfield><subfield code='p'>32044092390186</subfield><subfield code='x'>Shared</subfield><subfield code='z'>ML</subfield><subfield code='l'>HD</subfield></datafield></record>