
<record><leader>02662cam a2200493 i 4500</leader><controlfield tag='001'>SCSB-14035031</controlfield><controlfield tag='003'>NNC</controlfield><controlfield tag='005'>20240626021122.0</controlfield><controlfield tag='007'>ta</controlfield><controlfield tag='008'>201218t20212021enkab         000 0 eng d</controlfield><controlfield tag='009'>15890675</controlfield><datafield ind1=' ' ind2=' ' tag='019'><subfield code='a'>1252786072</subfield><subfield code='a'>1275437879</subfield><subfield code='a'>1281675059</subfield><subfield code='a'>1283121170</subfield></datafield><datafield ind1=' ' ind2=' ' tag='020'><subfield code='a'>9780571365623</subfield><subfield code='q'>(hardcover)</subfield></datafield><datafield ind1=' ' ind2=' ' tag='020'><subfield code='a'>0571365620</subfield><subfield code='q'>(hardcover)</subfield></datafield><datafield ind1=' ' ind2=' ' tag='020'><subfield code='z'>9780571365647 (ePub ebook)</subfield></datafield><datafield ind1=' ' ind2=' ' tag='020'><subfield code='z'>0571365647 (ePub ebook)</subfield></datafield><datafield ind1=' ' ind2=' ' tag='024'><subfield code='a'>99989565575</subfield></datafield><datafield ind1=' ' ind2=' ' tag='035'><subfield code='a'>(OCoLC)on1227270765</subfield></datafield><datafield ind1=' ' ind2=' ' tag='035'><subfield code='a'>(OCoLC)1227270765</subfield><subfield code='z'>(OCoLC)1252786072</subfield><subfield code='z'>(OCoLC)1275437879</subfield><subfield code='z'>(OCoLC)1281675059</subfield><subfield code='z'>(OCoLC)1283121170</subfield></datafield><datafield ind1=' ' ind2=' ' tag='035'><subfield code='a'>15890675</subfield></datafield><datafield ind1=' ' ind2=' ' tag='040'><subfield code='a'>YDX</subfield><subfield code='b'>eng</subfield><subfield code='e'>rda</subfield><subfield code='c'>YDX</subfield><subfield code='d'>BDX</subfield><subfield code='d'>UKMGB</subfield><subfield code='d'>OCLCO</subfield><subfield code='d'>CNNWP</subfield><subfield code='d'>OCLCF</subfield><subfield code='d'>SINLB</subfield><subfield code='d'>CLE</subfield><subfield code='d'>BKL</subfield><subfield code='d'>VP@</subfield><subfield code='d'>TOH</subfield><subfield code='d'>NZWLS</subfield><subfield code='d'>IMD</subfield><subfield code='d'>VTU</subfield></datafield><datafield ind1=' ' ind2='4' tag='050'><subfield code='a'>N5296.E54</subfield><subfield code='b'>E54 2021</subfield></datafield><datafield ind1='0' ind2='4' tag='082'><subfield code='a'>782.42164092</subfield><subfield code='2'>23</subfield></datafield><datafield ind1='1' ind2=' ' tag='100'><subfield code='a'>Ellis, Warren,</subfield><subfield code='d'>1965-</subfield><subfield code='e'>author.</subfield><subfield code='4'>http://id.loc.gov/vocabulary/relators/aut</subfield><subfield code='0'>http://id.loc.gov/authorities/names/no2008032488</subfield></datafield><datafield ind1='1' ind2='0' tag='245'><subfield code='a'>Nina Simone&apos;s gum /</subfield><subfield code='c'>Warren Ellis.</subfield></datafield><datafield ind1=' ' ind2='1' tag='264'><subfield code='a'>London :</subfield><subfield code='b'>Faber &amp; Faber Limited,</subfield><subfield code='c'>2021.</subfield></datafield><datafield ind1=' ' ind2='4' tag='264'><subfield code='c'>©2021</subfield></datafield><datafield ind1=' ' ind2=' ' tag='300'><subfield code='a'>199 pages :</subfield><subfield code='b'>illustrations, map ;</subfield><subfield code='c'>21 cm</subfield></datafield><datafield ind1=' ' ind2=' ' tag='336'><subfield code='a'>text</subfield><subfield code='b'>txt</subfield><subfield code='2'>rdacontent</subfield></datafield><datafield ind1=' ' ind2=' ' tag='336'><subfield code='a'>still image</subfield><subfield code='b'>sti</subfield><subfield code='2'>rdacontent</subfield></datafield><datafield ind1=' ' ind2=' ' tag='336'><subfield code='a'>cartographic image</subfield><subfield code='b'>cri</subfield><subfield code='2'>rdacontent</subfield></datafield><datafield ind1=' ' ind2=' ' tag='337'><subfield code='a'>unmediated</subfield><subfield code='b'>n</subfield><subfield code='2'>rdamedia</subfield></datafield><datafield ind1=' ' ind2=' ' tag='338'><subfield code='a'>volume</subfield><subfield code='b'>nc</subfield><subfield code='2'>rdacarrier</subfield></datafield><datafield ind1=' ' ind2=' ' tag='520'><subfield code='a'>On Thursday 1 July, 1999, Nina Simone gave a rare performance as part of Nick Cave&apos;s Meltdown Festival. After the show, in a state of awe, Warren Ellis crept onto the stage, took Simone&apos;s piece of chewed gum from the piano, wrapped it in her stage towel and put it in a Tower Records bag. The gum remained with him for twenty years. This book is about how something so small can form beautiful connections between people. It is a story about the meaning we place on things, on experiences, and how they become imbued with spirituality. It is a celebration of artistic process, friendship, understanding and love.</subfield></datafield><datafield ind1='1' ind2='0' tag='600'><subfield code='a'>Ellis, Warren,</subfield><subfield code='d'>1965-</subfield><subfield code='x'>Art collections.</subfield></datafield><datafield ind1='1' ind2='0' tag='600'><subfield code='a'>Simone, Nina,</subfield><subfield code='d'>1933-2003.</subfield><subfield code='0'>http://id.loc.gov/authorities/names/no91012203</subfield></datafield><datafield ind1='1' ind2='7' tag='600'><subfield code='a'>Simone, Nina,</subfield><subfield code='d'>1933-2003.</subfield><subfield code='2'>fast</subfield><subfield code='0'>(OCoLC)fst00285969</subfield></datafield><datafield ind1=' ' ind2='0' tag='650'><subfield code='a'>Souvenirs (Keepsakes)</subfield><subfield code='0'>http://id.loc.gov/authorities/subjects/sh85125691</subfield></datafield><datafield ind1=' ' ind2='0' tag='650'><subfield code='a'>Collectors and collecting.</subfield><subfield code='0'>http://id.loc.gov/authorities/subjects/sh85028263</subfield></datafield><datafield ind1=' ' ind2='7' tag='650'><subfield code='a'>Collectors and collecting.</subfield><subfield code='2'>fast</subfield><subfield code='0'>(OCoLC)fst00867604</subfield></datafield><datafield ind1=' ' ind2='7' tag='650'><subfield code='a'>Souvenirs (Keepsakes)</subfield><subfield code='2'>fast</subfield><subfield code='0'>(OCoLC)fst01127374</subfield></datafield><datafield ind1=' ' ind2='7' tag='650'><subfield code='a'>MUSIC / History &amp; Criticism.</subfield><subfield code='2'>bisacsh</subfield></datafield><datafield ind1='0' ind2='8' tag='776'><subfield code='i'>ebook version :</subfield><subfield code='z'>9780571365647</subfield></datafield><datafield ind1='0' ind2='0' tag='852'><subfield code='h'>N5296.E54 E54 2021g</subfield><subfield code='0'>14973318</subfield><subfield code='b'>scsbcul</subfield></datafield><datafield ind1=' ' ind2=' ' tag='876'><subfield code='0'>14973318</subfield><subfield code='a'>21427421</subfield><subfield code='h'>In Library Use</subfield><subfield code='j'>Available</subfield><subfield code='p'>AR02850095</subfield><subfield code='t'>1</subfield><subfield code='x'>Shared</subfield><subfield code='z'>AR</subfield><subfield code='l'>RECAP</subfield></datafield></record>