
<record><leader>00733cam a2200229 a 4500</leader><controlfield tag='001'>SCSB-7901544</controlfield><controlfield tag='003'>FrPAAL</controlfield><controlfield tag='005'>20130625.0</controlfield><controlfield tag='008'>130625s2013    fr     g      000 1 fre d</controlfield><controlfield tag='009'>.b200469009</controlfield><datafield ind1=' ' ind2=' ' tag='020'><subfield code='a'>9782715234055 (pbk.) :</subfield><subfield code='c'>18,50 EUR</subfield></datafield><datafield ind1=' ' ind2=' ' tag='040'><subfield code='a'>FrPAAL</subfield><subfield code='b'>eng</subfield></datafield><datafield ind1='0' ind2='4' tag='050'><subfield code='a'>PQ2672.E7295</subfield><subfield code='b'>N56 2013</subfield></datafield><datafield ind1='1' ind2=' ' tag='100'><subfield code='a'>Leroy, Gilles,</subfield><subfield code='d'>1958-</subfield></datafield><datafield ind1='1' ind2='0' tag='245'><subfield code='a'>Nina Simone, roman /</subfield><subfield code='c'>Gilles Leroy.</subfield></datafield><datafield ind1=' ' ind2=' ' tag='260'><subfield code='a'>[Paris] :</subfield><subfield code='b'>Mercure de France,</subfield><subfield code='c'>c2013.</subfield></datafield><datafield ind1=' ' ind2=' ' tag='300'><subfield code='a'>264 p. ;</subfield><subfield code='c'>21 cm.</subfield></datafield><datafield ind1='1' ind2='0' tag='600'><subfield code='a'>Simone, Nina,</subfield><subfield code='d'>1933-2003</subfield><subfield code='v'>Fiction.</subfield></datafield><datafield ind1=' ' ind2=' ' tag='907'><subfield code='a'>.b200469009</subfield><subfield code='c'>m</subfield><subfield code='d'>a</subfield><subfield code='e'>a</subfield><subfield code='f'>fre</subfield><subfield code='g'>fr</subfield><subfield code='h'>0</subfield><subfield code='i'>1</subfield></datafield><datafield ind1=' ' ind2=' ' tag='035'><subfield code='a'>(OCoLC)841924930</subfield></datafield><datafield ind1='8' ind2=' ' tag='852'><subfield code='h'>ReCAP 14-60814</subfield><subfield code='0'>8042281</subfield><subfield code='b'>scsbnypl</subfield></datafield><datafield ind1=' ' ind2=' ' tag='876'><subfield code='0'>8042281</subfield><subfield code='a'>13235317</subfield><subfield code='j'>Available</subfield><subfield code='p'>33433111270108</subfield><subfield code='t'>1</subfield><subfield code='x'>Shared</subfield><subfield code='z'>NA</subfield><subfield code='l'>RECAP</subfield></datafield></record>