
<record><leader>18978cam a2203049I  4500</leader><controlfield tag='001'>SCSB-6869412</controlfield><controlfield tag='003'>OCoLC</controlfield><controlfield tag='005'>20000629183505.0</controlfield><controlfield tag='008'>750210m18751912gw            000 0dger  </controlfield><controlfield tag='009'>.b124113990</controlfield><datafield ind1=' ' ind2=' ' tag='010'><subfield code='a'>01013117</subfield></datafield><datafield ind1=' ' ind2=' ' tag='040'><subfield code='a'>DLC</subfield><subfield code='c'>TLM</subfield><subfield code='d'>OCL</subfield><subfield code='d'>SER</subfield><subfield code='d'>OCL</subfield><subfield code='d'>NGU</subfield><subfield code='d'>NYP</subfield><subfield code='d'>WaOLN</subfield></datafield><datafield ind1=' ' ind2=' ' tag='049'><subfield code='a'>NYPG</subfield></datafield><datafield ind1='0' ind2='0' tag='050'><subfield code='a'>CT1053</subfield><subfield code='b'>.A5</subfield></datafield><datafield ind1='0' ind2='0' tag='245'><subfield code='a'>Allgemeine deutsche Biographie ...</subfield><subfield code='b'>Auf Veranlassung ...</subfield><subfield code='c'>Seiner Majestaet des Königs von Bayern ... hrsg. durch die Historische Commission bei der Königl. Akademie der Wissenschaften.</subfield></datafield><datafield ind1=' ' ind2=' ' tag='260'><subfield code='a'>Leipzig,</subfield><subfield code='b'>Duncker &amp; Humblot,</subfield><subfield code='c'>1875-1912.</subfield></datafield><datafield ind1=' ' ind2=' ' tag='300'><subfield code='a'>56 v.</subfield><subfield code='c'>24 cm.</subfield></datafield><datafield ind1=' ' ind2=' ' tag='500'><subfield code='a'>Biographies of prominent Germans from the earliest period to the end of the 19th century, edited by R. v. Liliencron, assisted until 1897 by F. X. v. Wegele; v. 54 edited by A. Bettelheim, v. 55 by the &quot;Historische Commission.&quot; cf. Pref. to v. 1, 45, 54, 55 and 56.</subfield></datafield><datafield ind1=' ' ind2=' ' tag='500'><subfield code='a'>Title of v. 1-8 reads: Allgemeine [etc.] auf Veranlassung und mit Unterstützung Seiner Majestaet Königs von Bayern Maximilian II. hrsg. durch die Historische Commission bei der Königl. Akademie der Wissenschaften. This phrase is printed in roman capital letters and divided by title vignette coat of arms of Maximilian II.</subfield></datafield><datafield ind1=' ' ind2=' ' tag='500'><subfield code='a'>&quot;Nachträge bis 1899&quot;: v. 45-55 (v. 55, p. 427-662, p. 662-887) includes two &quot;Nachträge&quot;.</subfield></datafield><datafield ind1=' ' ind2=' ' tag='500'><subfield code='a'>Beginning with v. 27 (1888) each volume has an alphabetical index; the index of v. 27 includes the articles of v. 1-27.</subfield></datafield><datafield ind1=' ' ind2=' ' tag='500'><subfield code='a'>&quot;Generalregister&quot; by Fritz Gerlich: v. 56.</subfield></datafield><datafield ind1=' ' ind2='0' tag='651'><subfield code='a'>Germany</subfield><subfield code='v'>Biography.</subfield></datafield><datafield ind1='1' ind2=' ' tag='700'><subfield code='a'>Liliencron, Rochus,</subfield><subfield code='c'>Freiherr von,</subfield><subfield code='d'>1820-1912.</subfield></datafield><datafield ind1='1' ind2=' ' tag='700'><subfield code='a'>Wegele, Franz X. von.</subfield></datafield><datafield ind1='1' ind2=' ' tag='700'><subfield code='a'>Bettelheim, Anton,</subfield><subfield code='d'>1851-1930.</subfield></datafield><datafield ind1='1' ind2=' ' tag='700'><subfield code='a'>Gerlich, Fritz,</subfield><subfield code='d'>1883-</subfield></datafield><datafield ind1='0' ind2=' ' tag='700'><subfield code='a'>Maximilian</subfield><subfield code='b'>II,</subfield><subfield code='c'>King of Bavaria,</subfield><subfield code='d'>1811-1864.</subfield></datafield><datafield ind1='2' ind2=' ' tag='710'><subfield code='a'>Bayerische Akademie der Wissenschaften.</subfield><subfield code='b'>Historische Kommission.</subfield></datafield><datafield ind1=' ' ind2=' ' tag='907'><subfield code='a'>.b124113990</subfield><subfield code='c'>m</subfield><subfield code='d'>a</subfield><subfield code='e'>-</subfield><subfield code='f'>ger</subfield><subfield code='g'>gw</subfield><subfield code='h'>0</subfield><subfield code='i'>112</subfield></datafield><datafield ind1=' ' ind2=' ' tag='035'><subfield code='a'>(OCoLC)1165242</subfield></datafield><datafield ind1=' ' ind2=' ' tag='901'><subfield code='a'>920778bd-39ba-4e67-a5db-9a108db5f5b8</subfield><subfield code='b'>13</subfield><subfield code='c'>false</subfield></datafield><datafield ind1='8' ind2=' ' tag='852'><subfield code='h'>JFE 02-18286</subfield><subfield code='0'>6953589</subfield><subfield code='b'>scsbnypl</subfield></datafield><datafield ind1=' ' ind2=' ' tag='866'><subfield code='a'>v. 1, v. 2, v. 3, v. 4, v. 5, v. 6, v. 7, v. 8, v. 9, v. 10, v. 11, v. 12, v. 13, v. 14, v. 15, v. 16, v. 17, v. 18, v. 19, v. 20, v. 21, v. 22, v. 23, v. 24, v. 25, v. 26, v. 27, v. 28, v. 29, v. 30, v. 31, v. 32, v. 33, v. 34, v. 35, v. 36, v. 37, v. 38, v. 39, v. 40, v. 41, v. 42, v. 43, v. 44, v. 45, v. 46, v. 47, v. 48, v. 49, v. 50, v. 51, v. 52, v. 53, v. 54, v. 55</subfield><subfield code='0'>6953589</subfield></datafield><datafield ind1=' ' ind2=' ' tag='876'><subfield code='0'>6953589</subfield><subfield code='3'>v. 1</subfield><subfield code='a'>11194265</subfield><subfield code='h'>In Library Use</subfield><subfield code='j'>Available</subfield><subfield code='p'>33433031067519</subfield><subfield code='t'>1</subfield><subfield code='x'>Open</subfield><subfield code='z'>NA</subfield><subfield code='l'>RECAP</subfield></datafield><datafield ind1=' ' ind2=' ' tag='876'><subfield code='0'>6953589</subfield><subfield code='3'>v. 2</subfield><subfield code='a'>11194266</subfield><subfield code='h'>In Library Use</subfield><subfield code='j'>Available</subfield><subfield code='p'>33433031067527</subfield><subfield code='t'>1</subfield><subfield code='x'>Open</subfield><subfield code='z'>NA</subfield><subfield code='l'>RECAP</subfield></datafield><datafield ind1=' ' ind2=' ' tag='876'><subfield code='0'>6953589</subfield><subfield code='3'>v. 3</subfield><subfield code='a'>11194267</subfield><subfield code='h'>In Library Use</subfield><subfield code='j'>Available</subfield><subfield code='p'>33433031067535</subfield><subfield code='t'>1</subfield><subfield code='x'>Open</subfield><subfield code='z'>NA</subfield><subfield code='l'>RECAP</subfield></datafield><datafield ind1=' ' ind2=' ' tag='876'><subfield code='0'>6953589</subfield><subfield code='3'>v. 4</subfield><subfield code='a'>11194268</subfield><subfield code='h'>In Library Use</subfield><subfield code='j'>Available</subfield><subfield code='p'>33433031067543</subfield><subfield code='t'>1</subfield><subfield code='x'>Open</subfield><subfield code='z'>NA</subfield><subfield code='l'>RECAP</subfield></datafield><datafield ind1=' ' ind2=' ' tag='876'><subfield code='0'>6953589</subfield><subfield code='3'>v. 5</subfield><subfield code='a'>11194269</subfield><subfield code='h'>In Library Use</subfield><subfield code='j'>Available</subfield><subfield code='p'>33433031067550</subfield><subfield code='t'>1</subfield><subfield code='x'>Open</subfield><subfield code='z'>NA</subfield><subfield code='l'>RECAP</subfield></datafield><datafield ind1=' ' ind2=' ' tag='876'><subfield code='0'>6953589</subfield><subfield code='3'>v. 6</subfield><subfield code='a'>11194270</subfield><subfield code='h'>In Library Use</subfield><subfield code='j'>Available</subfield><subfield code='p'>33433031067568</subfield><subfield code='t'>1</subfield><subfield code='x'>Open</subfield><subfield code='z'>NA</subfield><subfield code='l'>RECAP</subfield></datafield><datafield ind1=' ' ind2=' ' tag='876'><subfield code='0'>6953589</subfield><subfield code='3'>v. 7</subfield><subfield code='a'>11194271</subfield><subfield code='h'>In Library Use</subfield><subfield code='j'>Available</subfield><subfield code='p'>33433031067576</subfield><subfield code='t'>1</subfield><subfield code='x'>Open</subfield><subfield code='z'>NA</subfield><subfield code='l'>RECAP</subfield></datafield><datafield ind1=' ' ind2=' ' tag='876'><subfield code='0'>6953589</subfield><subfield code='3'>v. 8</subfield><subfield code='a'>11194272</subfield><subfield code='h'>In Library Use</subfield><subfield code='j'>Available</subfield><subfield code='p'>33433031067584</subfield><subfield code='t'>1</subfield><subfield code='x'>Open</subfield><subfield code='z'>NA</subfield><subfield code='l'>RECAP</subfield></datafield><datafield ind1=' ' ind2=' ' tag='876'><subfield code='0'>6953589</subfield><subfield code='3'>v. 9</subfield><subfield code='a'>11194273</subfield><subfield code='h'>In Library Use</subfield><subfield code='j'>Available</subfield><subfield code='p'>33433031067592</subfield><subfield code='t'>1</subfield><subfield code='x'>Open</subfield><subfield code='z'>NA</subfield><subfield code='l'>RECAP</subfield></datafield><datafield ind1=' ' ind2=' ' tag='876'><subfield code='0'>6953589</subfield><subfield code='3'>v. 10</subfield><subfield code='a'>11194274</subfield><subfield code='h'>In Library Use</subfield><subfield code='j'>Available</subfield><subfield code='p'>33433031067600</subfield><subfield code='t'>1</subfield><subfield code='x'>Open</subfield><subfield code='z'>NA</subfield><subfield code='l'>RECAP</subfield></datafield><datafield ind1=' ' ind2=' ' tag='876'><subfield code='0'>6953589</subfield><subfield code='3'>v. 11</subfield><subfield code='a'>11194275</subfield><subfield code='h'>In Library Use</subfield><subfield code='j'>Available</subfield><subfield code='p'>33433031067618</subfield><subfield code='t'>1</subfield><subfield code='x'>Open</subfield><subfield code='z'>NA</subfield><subfield code='l'>RECAP</subfield></datafield><datafield ind1=' ' ind2=' ' tag='876'><subfield code='0'>6953589</subfield><subfield code='3'>v. 12</subfield><subfield code='a'>11194276</subfield><subfield code='h'>In Library Use</subfield><subfield code='j'>Available</subfield><subfield code='p'>33433031067626</subfield><subfield code='t'>1</subfield><subfield code='x'>Open</subfield><subfield code='z'>NA</subfield><subfield code='l'>RECAP</subfield></datafield><datafield ind1=' ' ind2=' ' tag='876'><subfield code='0'>6953589</subfield><subfield code='3'>v. 13</subfield><subfield code='a'>11194277</subfield><subfield code='h'>In Library Use</subfield><subfield code='j'>Available</subfield><subfield code='p'>33433031067634</subfield><subfield code='t'>1</subfield><subfield code='x'>Open</subfield><subfield code='z'>NA</subfield><subfield code='l'>RECAP</subfield></datafield><datafield ind1=' ' ind2=' ' tag='876'><subfield code='0'>6953589</subfield><subfield code='3'>v. 14</subfield><subfield code='a'>11194278</subfield><subfield code='h'>In Library Use</subfield><subfield code='j'>Available</subfield><subfield code='p'>33433031067642</subfield><subfield code='t'>1</subfield><subfield code='x'>Open</subfield><subfield code='z'>NA</subfield><subfield code='l'>RECAP</subfield></datafield><datafield ind1=' ' ind2=' ' tag='876'><subfield code='0'>6953589</subfield><subfield code='3'>v. 15</subfield><subfield code='a'>11194279</subfield><subfield code='h'>In Library Use</subfield><subfield code='j'>Available</subfield><subfield code='p'>33433031067659</subfield><subfield code='t'>1</subfield><subfield code='x'>Open</subfield><subfield code='z'>NA</subfield><subfield code='l'>RECAP</subfield></datafield><datafield ind1=' ' ind2=' ' tag='876'><subfield code='0'>6953589</subfield><subfield code='3'>v. 16</subfield><subfield code='a'>11194280</subfield><subfield code='h'>In Library Use</subfield><subfield code='j'>Available</subfield><subfield code='p'>33433031067667</subfield><subfield code='t'>1</subfield><subfield code='x'>Open</subfield><subfield code='z'>NA</subfield><subfield code='l'>RECAP</subfield></datafield><datafield ind1=' ' ind2=' ' tag='876'><subfield code='0'>6953589</subfield><subfield code='3'>v. 17</subfield><subfield code='a'>11194281</subfield><subfield code='h'>In Library Use</subfield><subfield code='j'>Available</subfield><subfield code='p'>33433031067675</subfield><subfield code='t'>1</subfield><subfield code='x'>Open</subfield><subfield code='z'>NA</subfield><subfield code='l'>RECAP</subfield></datafield><datafield ind1=' ' ind2=' ' tag='876'><subfield code='0'>6953589</subfield><subfield code='3'>v. 18</subfield><subfield code='a'>11194282</subfield><subfield code='h'>In Library Use</subfield><subfield code='j'>Available</subfield><subfield code='p'>33433031067683</subfield><subfield code='t'>1</subfield><subfield code='x'>Open</subfield><subfield code='z'>NA</subfield><subfield code='l'>RECAP</subfield></datafield><datafield ind1=' ' ind2=' ' tag='876'><subfield code='0'>6953589</subfield><subfield code='3'>v. 19</subfield><subfield code='a'>11194283</subfield><subfield code='h'>In Library Use</subfield><subfield code='j'>Available</subfield><subfield code='p'>33433031067691</subfield><subfield code='t'>1</subfield><subfield code='x'>Open</subfield><subfield code='z'>NA</subfield><subfield code='l'>RECAP</subfield></datafield><datafield ind1=' ' ind2=' ' tag='876'><subfield code='0'>6953589</subfield><subfield code='3'>v. 20</subfield><subfield code='a'>11194284</subfield><subfield code='h'>In Library Use</subfield><subfield code='j'>Available</subfield><subfield code='p'>33433031067709</subfield><subfield code='t'>1</subfield><subfield code='x'>Open</subfield><subfield code='z'>NA</subfield><subfield code='l'>RECAP</subfield></datafield><datafield ind1=' ' ind2=' ' tag='876'><subfield code='0'>6953589</subfield><subfield code='3'>v. 21</subfield><subfield code='a'>11194285</subfield><subfield code='h'>In Library Use</subfield><subfield code='j'>Available</subfield><subfield code='p'>33433031067717</subfield><subfield code='t'>1</subfield><subfield code='x'>Open</subfield><subfield code='z'>NA</subfield><subfield code='l'>RECAP</subfield></datafield><datafield ind1=' ' ind2=' ' tag='876'><subfield code='0'>6953589</subfield><subfield code='3'>v. 22</subfield><subfield code='a'>11194286</subfield><subfield code='h'>In Library Use</subfield><subfield code='j'>Available</subfield><subfield code='p'>33433031067725</subfield><subfield code='t'>1</subfield><subfield code='x'>Open</subfield><subfield code='z'>NA</subfield><subfield code='l'>RECAP</subfield></datafield><datafield ind1=' ' ind2=' ' tag='876'><subfield code='0'>6953589</subfield><subfield code='3'>v. 23</subfield><subfield code='a'>11194287</subfield><subfield code='h'>In Library Use</subfield><subfield code='j'>Available</subfield><subfield code='p'>33433031067733</subfield><subfield code='t'>1</subfield><subfield code='x'>Open</subfield><subfield code='z'>NA</subfield><subfield code='l'>RECAP</subfield></datafield><datafield ind1=' ' ind2=' ' tag='876'><subfield code='0'>6953589</subfield><subfield code='3'>v. 24</subfield><subfield code='a'>11194288</subfield><subfield code='h'>In Library Use</subfield><subfield code='j'>Available</subfield><subfield code='p'>33433031067741</subfield><subfield code='t'>1</subfield><subfield code='x'>Open</subfield><subfield code='z'>NA</subfield><subfield code='l'>RECAP</subfield></datafield><datafield ind1=' ' ind2=' ' tag='876'><subfield code='0'>6953589</subfield><subfield code='3'>v. 25</subfield><subfield code='a'>11194289</subfield><subfield code='h'>In Library Use</subfield><subfield code='j'>Available</subfield><subfield code='p'>33433031067758</subfield><subfield code='t'>1</subfield><subfield code='x'>Open</subfield><subfield code='z'>NA</subfield><subfield code='l'>RECAP</subfield></datafield><datafield ind1=' ' ind2=' ' tag='876'><subfield code='0'>6953589</subfield><subfield code='3'>v. 26</subfield><subfield code='a'>11194290</subfield><subfield code='h'>In Library Use</subfield><subfield code='j'>Available</subfield><subfield code='p'>33433031067766</subfield><subfield code='t'>1</subfield><subfield code='x'>Open</subfield><subfield code='z'>NA</subfield><subfield code='l'>RECAP</subfield></datafield><datafield ind1=' ' ind2=' ' tag='876'><subfield code='0'>6953589</subfield><subfield code='3'>v. 27</subfield><subfield code='a'>11194291</subfield><subfield code='h'>In Library Use</subfield><subfield code='j'>Available</subfield><subfield code='p'>33433031067774</subfield><subfield code='t'>1</subfield><subfield code='x'>Open</subfield><subfield code='z'>NA</subfield><subfield code='l'>RECAP</subfield></datafield><datafield ind1=' ' ind2=' ' tag='876'><subfield code='0'>6953589</subfield><subfield code='3'>v. 28</subfield><subfield code='a'>11194292</subfield><subfield code='h'>In Library Use</subfield><subfield code='j'>Available</subfield><subfield code='p'>33433031067782</subfield><subfield code='t'>1</subfield><subfield code='x'>Open</subfield><subfield code='z'>NA</subfield><subfield code='l'>RECAP</subfield></datafield><datafield ind1=' ' ind2=' ' tag='876'><subfield code='0'>6953589</subfield><subfield code='3'>v. 29</subfield><subfield code='a'>11194293</subfield><subfield code='h'>In Library Use</subfield><subfield code='j'>Available</subfield><subfield code='p'>33433031067790</subfield><subfield code='t'>1</subfield><subfield code='x'>Open</subfield><subfield code='z'>NA</subfield><subfield code='l'>RECAP</subfield></datafield><datafield ind1=' ' ind2=' ' tag='876'><subfield code='0'>6953589</subfield><subfield code='3'>v. 30</subfield><subfield code='a'>11194294</subfield><subfield code='h'>In Library Use</subfield><subfield code='j'>Available</subfield><subfield code='p'>33433031067808</subfield><subfield code='t'>1</subfield><subfield code='x'>Open</subfield><subfield code='z'>NA</subfield><subfield code='l'>RECAP</subfield></datafield><datafield ind1=' ' ind2=' ' tag='876'><subfield code='0'>6953589</subfield><subfield code='3'>v. 31</subfield><subfield code='a'>11194295</subfield><subfield code='h'>In Library Use</subfield><subfield code='j'>Available</subfield><subfield code='p'>33433031067816</subfield><subfield code='t'>1</subfield><subfield code='x'>Open</subfield><subfield code='z'>NA</subfield><subfield code='l'>RECAP</subfield></datafield><datafield ind1=' ' ind2=' ' tag='876'><subfield code='0'>6953589</subfield><subfield code='3'>v. 32</subfield><subfield code='a'>11194296</subfield><subfield code='h'>In Library Use</subfield><subfield code='j'>Available</subfield><subfield code='p'>33433031067824</subfield><subfield code='t'>1</subfield><subfield code='x'>Open</subfield><subfield code='z'>NA</subfield><subfield code='l'>RECAP</subfield></datafield><datafield ind1=' ' ind2=' ' tag='876'><subfield code='0'>6953589</subfield><subfield code='3'>v. 33</subfield><subfield code='a'>11194297</subfield><subfield code='h'>In Library Use</subfield><subfield code='j'>Available</subfield><subfield code='p'>33433031067832</subfield><subfield code='t'>1</subfield><subfield code='x'>Open</subfield><subfield code='z'>NA</subfield><subfield code='l'>RECAP</subfield></datafield><datafield ind1=' ' ind2=' ' tag='876'><subfield code='0'>6953589</subfield><subfield code='3'>v. 34</subfield><subfield code='a'>11194298</subfield><subfield code='h'>In Library Use</subfield><subfield code='j'>Available</subfield><subfield code='p'>33433031067840</subfield><subfield code='t'>1</subfield><subfield code='x'>Open</subfield><subfield code='z'>NA</subfield><subfield code='l'>RECAP</subfield></datafield><datafield ind1=' ' ind2=' ' tag='876'><subfield code='0'>6953589</subfield><subfield code='3'>v. 35</subfield><subfield code='a'>11194299</subfield><subfield code='h'>In Library Use</subfield><subfield code='j'>Available</subfield><subfield code='p'>33433031067857</subfield><subfield code='t'>1</subfield><subfield code='x'>Open</subfield><subfield code='z'>NA</subfield><subfield code='l'>RECAP</subfield></datafield><datafield ind1=' ' ind2=' ' tag='876'><subfield code='0'>6953589</subfield><subfield code='3'>v. 36</subfield><subfield code='a'>11194300</subfield><subfield code='h'>In Library Use</subfield><subfield code='j'>Available</subfield><subfield code='p'>33433031067865</subfield><subfield code='t'>1</subfield><subfield code='x'>Open</subfield><subfield code='z'>NA</subfield><subfield code='l'>RECAP</subfield></datafield><datafield ind1=' ' ind2=' ' tag='876'><subfield code='0'>6953589</subfield><subfield code='3'>v. 37</subfield><subfield code='a'>11194301</subfield><subfield code='h'>In Library Use</subfield><subfield code='j'>Available</subfield><subfield code='p'>33433031067873</subfield><subfield code='t'>1</subfield><subfield code='x'>Open</subfield><subfield code='z'>NA</subfield><subfield code='l'>RECAP</subfield></datafield><datafield ind1=' ' ind2=' ' tag='876'><subfield code='0'>6953589</subfield><subfield code='3'>v. 38</subfield><subfield code='a'>11194302</subfield><subfield code='h'>In Library Use</subfield><subfield code='j'>Available</subfield><subfield code='p'>33433031067881</subfield><subfield code='t'>1</subfield><subfield code='x'>Open</subfield><subfield code='z'>NA</subfield><subfield code='l'>RECAP</subfield></datafield><datafield ind1=' ' ind2=' ' tag='876'><subfield code='0'>6953589</subfield><subfield code='3'>v. 39</subfield><subfield code='a'>11194303</subfield><subfield code='h'>In Library Use</subfield><subfield code='j'>Available</subfield><subfield code='p'>33433031067899</subfield><subfield code='t'>1</subfield><subfield code='x'>Open</subfield><subfield code='z'>NA</subfield><subfield code='l'>RECAP</subfield></datafield><datafield ind1=' ' ind2=' ' tag='876'><subfield code='0'>6953589</subfield><subfield code='3'>v. 40</subfield><subfield code='a'>11194304</subfield><subfield code='h'>In Library Use</subfield><subfield code='j'>Available</subfield><subfield code='p'>33433031067907</subfield><subfield code='t'>1</subfield><subfield code='x'>Open</subfield><subfield code='z'>NA</subfield><subfield code='l'>RECAP</subfield></datafield><datafield ind1=' ' ind2=' ' tag='876'><subfield code='0'>6953589</subfield><subfield code='3'>v. 41</subfield><subfield code='a'>11194305</subfield><subfield code='h'>In Library Use</subfield><subfield code='j'>Available</subfield><subfield code='p'>33433031067915</subfield><subfield code='t'>1</subfield><subfield code='x'>Open</subfield><subfield code='z'>NA</subfield><subfield code='l'>RECAP</subfield></datafield><datafield ind1=' ' ind2=' ' tag='876'><subfield code='0'>6953589</subfield><subfield code='3'>v. 42</subfield><subfield code='a'>11194306</subfield><subfield code='h'>In Library Use</subfield><subfield code='j'>Available</subfield><subfield code='p'>33433031067923</subfield><subfield code='t'>1</subfield><subfield code='x'>Open</subfield><subfield code='z'>NA</subfield><subfield code='l'>RECAP</subfield></datafield><datafield ind1=' ' ind2=' ' tag='876'><subfield code='0'>6953589</subfield><subfield code='3'>v. 43</subfield><subfield code='a'>11194307</subfield><subfield code='h'>In Library Use</subfield><subfield code='j'>Available</subfield><subfield code='p'>33433031067931</subfield><subfield code='t'>1</subfield><subfield code='x'>Open</subfield><subfield code='z'>NA</subfield><subfield code='l'>RECAP</subfield></datafield><datafield ind1=' ' ind2=' ' tag='876'><subfield code='0'>6953589</subfield><subfield code='3'>v. 44</subfield><subfield code='a'>11194308</subfield><subfield code='h'>In Library Use</subfield><subfield code='j'>Available</subfield><subfield code='p'>33433031067949</subfield><subfield code='t'>1</subfield><subfield code='x'>Open</subfield><subfield code='z'>NA</subfield><subfield code='l'>RECAP</subfield></datafield><datafield ind1=' ' ind2=' ' tag='876'><subfield code='0'>6953589</subfield><subfield code='3'>v. 45</subfield><subfield code='a'>11194309</subfield><subfield code='h'>In Library Use</subfield><subfield code='j'>Available</subfield><subfield code='p'>33433031067956</subfield><subfield code='t'>1</subfield><subfield code='x'>Open</subfield><subfield code='z'>NA</subfield><subfield code='l'>RECAP</subfield></datafield><datafield ind1=' ' ind2=' ' tag='876'><subfield code='0'>6953589</subfield><subfield code='3'>v. 46</subfield><subfield code='a'>11194310</subfield><subfield code='h'>In Library Use</subfield><subfield code='j'>Available</subfield><subfield code='p'>33433031067964</subfield><subfield code='t'>1</subfield><subfield code='x'>Open</subfield><subfield code='z'>NA</subfield><subfield code='l'>RECAP</subfield></datafield><datafield ind1=' ' ind2=' ' tag='876'><subfield code='0'>6953589</subfield><subfield code='3'>v. 47</subfield><subfield code='a'>11194311</subfield><subfield code='h'>In Library Use</subfield><subfield code='j'>Available</subfield><subfield code='p'>33433031067972</subfield><subfield code='t'>1</subfield><subfield code='x'>Open</subfield><subfield code='z'>NA</subfield><subfield code='l'>RECAP</subfield></datafield><datafield ind1=' ' ind2=' ' tag='876'><subfield code='0'>6953589</subfield><subfield code='3'>v. 48</subfield><subfield code='a'>11194312</subfield><subfield code='h'>In Library Use</subfield><subfield code='j'>Available</subfield><subfield code='p'>33433031067980</subfield><subfield code='t'>1</subfield><subfield code='x'>Open</subfield><subfield code='z'>NA</subfield><subfield code='l'>RECAP</subfield></datafield><datafield ind1=' ' ind2=' ' tag='876'><subfield code='0'>6953589</subfield><subfield code='3'>v. 49</subfield><subfield code='a'>11194313</subfield><subfield code='h'>In Library Use</subfield><subfield code='j'>Available</subfield><subfield code='p'>33433031067998</subfield><subfield code='t'>1</subfield><subfield code='x'>Open</subfield><subfield code='z'>NA</subfield><subfield code='l'>RECAP</subfield></datafield><datafield ind1=' ' ind2=' ' tag='876'><subfield code='0'>6953589</subfield><subfield code='3'>v. 50</subfield><subfield code='a'>11194314</subfield><subfield code='h'>In Library Use</subfield><subfield code='j'>Available</subfield><subfield code='p'>33433031068004</subfield><subfield code='t'>1</subfield><subfield code='x'>Open</subfield><subfield code='z'>NA</subfield><subfield code='l'>RECAP</subfield></datafield><datafield ind1=' ' ind2=' ' tag='876'><subfield code='0'>6953589</subfield><subfield code='3'>v. 51</subfield><subfield code='a'>11194315</subfield><subfield code='h'>In Library Use</subfield><subfield code='j'>Available</subfield><subfield code='p'>33433031068012</subfield><subfield code='t'>1</subfield><subfield code='x'>Open</subfield><subfield code='z'>NA</subfield><subfield code='l'>RECAP</subfield></datafield><datafield ind1=' ' ind2=' ' tag='876'><subfield code='0'>6953589</subfield><subfield code='3'>v. 52</subfield><subfield code='a'>11194316</subfield><subfield code='h'>In Library Use</subfield><subfield code='j'>Available</subfield><subfield code='p'>33433031068020</subfield><subfield code='t'>1</subfield><subfield code='x'>Open</subfield><subfield code='z'>NA</subfield><subfield code='l'>RECAP</subfield></datafield><datafield ind1=' ' ind2=' ' tag='876'><subfield code='0'>6953589</subfield><subfield code='3'>v. 53</subfield><subfield code='a'>11194317</subfield><subfield code='h'>In Library Use</subfield><subfield code='j'>Available</subfield><subfield code='p'>33433031068038</subfield><subfield code='t'>1</subfield><subfield code='x'>Open</subfield><subfield code='z'>NA</subfield><subfield code='l'>RECAP</subfield></datafield><datafield ind1=' ' ind2=' ' tag='876'><subfield code='0'>6953589</subfield><subfield code='3'>v. 54</subfield><subfield code='a'>11194318</subfield><subfield code='h'>In Library Use</subfield><subfield code='j'>Available</subfield><subfield code='p'>33433031068046</subfield><subfield code='t'>1</subfield><subfield code='x'>Open</subfield><subfield code='z'>NA</subfield><subfield code='l'>RECAP</subfield></datafield><datafield ind1=' ' ind2=' ' tag='876'><subfield code='0'>6953589</subfield><subfield code='3'>v. 55</subfield><subfield code='a'>11194319</subfield><subfield code='h'>In Library Use</subfield><subfield code='j'>Available</subfield><subfield code='p'>33433031068053</subfield><subfield code='t'>1</subfield><subfield code='x'>Open</subfield><subfield code='z'>NA</subfield><subfield code='l'>RECAP</subfield></datafield><datafield ind1='8' ind2=' ' tag='852'><subfield code='h'>AGK (Allgemeine deutsche Biographie)</subfield><subfield code='0'>6953590</subfield><subfield code='b'>scsbnypl</subfield></datafield><datafield ind1=' ' ind2=' ' tag='866'><subfield code='a'>v. 20, Maa-Max (1884), v. 21, Max-Mir (1885), v. 18, Las-Lit (1883), v. 32 (1891), v. 34 (1892), v. 35 (1893), v. 33 (1891), v. 19, Lit-Lys (1884), v. 30 (Rus-Sch), v. 3 (Bod-Car), v. 40 Vin-Val, v. 36 (Stei-Stur), v. 4 (Car-Dec), v. 5 (Dec-Ekk), v. 8 (Fri-Ger), v. 7 (Fic-Fri), v. 6 (Elb-Fic), v. 45 (Zei-Zyr), v. 46, appendix to 1899 (And-Bis), v. 23 (mun-noo), v. 14 (Jet-Kah), v. 15 (Kah-Kir), v. 16 (Kir-Kot), v. 17 (Kra-Las), v. 10 (Gru-Has), v. 11 (Has-Hen), v. 54, appendix to 1899 (Scheu-Wal), v. 55, appendix to 1899 (Wan-Zwi), v. 31 (1890), v. 22 (1885), v. 28 (Rei-Rod), v. 26 (Phi-Pyr), v. 25 (Ove-Phi), v. 24 (Noo-Ove), v. 39 (Tun-Vin), v. 38 (Thi-Tun), v. 37 (Stu-Thi), v. 42 (Wer-Wil), v. 44 (Wol-Zei), v. 56, General Register, v. 41 (wal-wer)</subfield><subfield code='0'>6953590</subfield></datafield><datafield ind1=' ' ind2=' ' tag='876'><subfield code='0'>6953590</subfield><subfield code='3'>v. 20, Maa-Max (1884)</subfield><subfield code='a'>11194320</subfield><subfield code='h'>In Library Use</subfield><subfield code='j'>Available</subfield><subfield code='p'>33433022731883</subfield><subfield code='t'>1</subfield><subfield code='x'>Open</subfield><subfield code='z'>NA</subfield><subfield code='l'>RECAP</subfield></datafield><datafield ind1=' ' ind2=' ' tag='876'><subfield code='0'>6953590</subfield><subfield code='3'>v. 21, Max-Mir (1885)</subfield><subfield code='a'>11194321</subfield><subfield code='h'>In Library Use</subfield><subfield code='j'>Available</subfield><subfield code='p'>33433022731891</subfield><subfield code='t'>1</subfield><subfield code='x'>Open</subfield><subfield code='z'>NA</subfield><subfield code='l'>RECAP</subfield></datafield><datafield ind1=' ' ind2=' ' tag='876'><subfield code='0'>6953590</subfield><subfield code='3'>v. 18, Las-Lit (1883)</subfield><subfield code='a'>11194322</subfield><subfield code='h'>In Library Use</subfield><subfield code='j'>Available</subfield><subfield code='p'>33433022731917</subfield><subfield code='t'>1</subfield><subfield code='x'>Open</subfield><subfield code='z'>NA</subfield><subfield code='l'>RECAP</subfield></datafield><datafield ind1=' ' ind2=' ' tag='876'><subfield code='0'>6953590</subfield><subfield code='3'>v. 32 (1891)</subfield><subfield code='a'>11194323</subfield><subfield code='h'>In Library Use</subfield><subfield code='j'>Available</subfield><subfield code='p'>33433092116783</subfield><subfield code='t'>1</subfield><subfield code='x'>Open</subfield><subfield code='z'>NA</subfield><subfield code='l'>RECAP</subfield></datafield><datafield ind1=' ' ind2=' ' tag='876'><subfield code='0'>6953590</subfield><subfield code='3'>v. 34 (1892)</subfield><subfield code='a'>11194324</subfield><subfield code='h'>In Library Use</subfield><subfield code='j'>Available</subfield><subfield code='p'>33433092116908</subfield><subfield code='t'>1</subfield><subfield code='x'>Open</subfield><subfield code='z'>NA</subfield><subfield code='l'>RECAP</subfield></datafield><datafield ind1=' ' ind2=' ' tag='876'><subfield code='0'>6953590</subfield><subfield code='3'>v. 35 (1893)</subfield><subfield code='a'>11194325</subfield><subfield code='h'>In Library Use</subfield><subfield code='j'>Available</subfield><subfield code='p'>33433092116742</subfield><subfield code='t'>1</subfield><subfield code='x'>Open</subfield><subfield code='z'>NA</subfield><subfield code='l'>RECAP</subfield></datafield><datafield ind1=' ' ind2=' ' tag='876'><subfield code='0'>6953590</subfield><subfield code='3'>v. 33 (1891)</subfield><subfield code='a'>11194326</subfield><subfield code='h'>In Library Use</subfield><subfield code='j'>Available</subfield><subfield code='p'>33433092116718</subfield><subfield code='t'>1</subfield><subfield code='x'>Open</subfield><subfield code='z'>NA</subfield><subfield code='l'>RECAP</subfield></datafield><datafield ind1=' ' ind2=' ' tag='876'><subfield code='0'>6953590</subfield><subfield code='3'>v. 19, Lit-Lys (1884)</subfield><subfield code='a'>11194327</subfield><subfield code='h'>In Library Use</subfield><subfield code='j'>Available</subfield><subfield code='p'>33433022731909</subfield><subfield code='t'>1</subfield><subfield code='x'>Open</subfield><subfield code='z'>NA</subfield><subfield code='l'>RECAP</subfield></datafield><datafield ind1=' ' ind2=' ' tag='876'><subfield code='0'>6953590</subfield><subfield code='3'>v. 30 (Rus-Sch)</subfield><subfield code='a'>11194328</subfield><subfield code='h'>In Library Use</subfield><subfield code='j'>Available</subfield><subfield code='p'>33433103586800</subfield><subfield code='t'>1</subfield><subfield code='x'>Open</subfield><subfield code='z'>NA</subfield><subfield code='l'>RECAP</subfield></datafield><datafield ind1=' ' ind2=' ' tag='876'><subfield code='0'>6953590</subfield><subfield code='3'>v. 3 (Bod-Car)</subfield><subfield code='a'>11194329</subfield><subfield code='h'>In Library Use</subfield><subfield code='j'>Available</subfield><subfield code='p'>33433103586909</subfield><subfield code='t'>1</subfield><subfield code='x'>Open</subfield><subfield code='z'>NA</subfield><subfield code='l'>RECAP</subfield></datafield><datafield ind1=' ' ind2=' ' tag='876'><subfield code='0'>6953590</subfield><subfield code='3'>v. 40 Vin-Val</subfield><subfield code='a'>11194330</subfield><subfield code='h'>In Library Use</subfield><subfield code='j'>Available</subfield><subfield code='p'>33433103586198</subfield><subfield code='t'>1</subfield><subfield code='x'>Open</subfield><subfield code='z'>NA</subfield><subfield code='l'>RECAP</subfield></datafield><datafield ind1=' ' ind2=' ' tag='876'><subfield code='0'>6953590</subfield><subfield code='3'>v. 36 (Stei-Stur)</subfield><subfield code='a'>11194331</subfield><subfield code='h'>In Library Use</subfield><subfield code='j'>Available</subfield><subfield code='p'>33433103586255</subfield><subfield code='t'>1</subfield><subfield code='x'>Open</subfield><subfield code='z'>NA</subfield><subfield code='l'>RECAP</subfield></datafield><datafield ind1=' ' ind2=' ' tag='876'><subfield code='0'>6953590</subfield><subfield code='3'>v. 4 (Car-Dec)</subfield><subfield code='a'>11194332</subfield><subfield code='h'>In Library Use</subfield><subfield code='j'>Available</subfield><subfield code='p'>33433103399212</subfield><subfield code='t'>1</subfield><subfield code='x'>Open</subfield><subfield code='z'>NA</subfield><subfield code='l'>RECAP</subfield></datafield><datafield ind1=' ' ind2=' ' tag='876'><subfield code='0'>6953590</subfield><subfield code='3'>v. 5 (Dec-Ekk)</subfield><subfield code='a'>11194333</subfield><subfield code='h'>In Library Use</subfield><subfield code='j'>Available</subfield><subfield code='p'>33433103399220</subfield><subfield code='t'>1</subfield><subfield code='x'>Open</subfield><subfield code='z'>NA</subfield><subfield code='l'>RECAP</subfield></datafield><datafield ind1=' ' ind2=' ' tag='876'><subfield code='0'>6953590</subfield><subfield code='3'>v. 8 (Fri-Ger)</subfield><subfield code='a'>11194334</subfield><subfield code='h'>In Library Use</subfield><subfield code='j'>Available</subfield><subfield code='p'>33433103399238</subfield><subfield code='t'>1</subfield><subfield code='x'>Open</subfield><subfield code='z'>NA</subfield><subfield code='l'>RECAP</subfield></datafield><datafield ind1=' ' ind2=' ' tag='876'><subfield code='0'>6953590</subfield><subfield code='3'>v. 7 (Fic-Fri)</subfield><subfield code='a'>11194335</subfield><subfield code='h'>In Library Use</subfield><subfield code='j'>Available</subfield><subfield code='p'>33433103399246</subfield><subfield code='t'>1</subfield><subfield code='x'>Open</subfield><subfield code='z'>NA</subfield><subfield code='l'>RECAP</subfield></datafield><datafield ind1=' ' ind2=' ' tag='876'><subfield code='0'>6953590</subfield><subfield code='3'>v. 6 (Elb-Fic)</subfield><subfield code='a'>11194336</subfield><subfield code='h'>In Library Use</subfield><subfield code='j'>Available</subfield><subfield code='p'>33433103399253</subfield><subfield code='t'>1</subfield><subfield code='x'>Open</subfield><subfield code='z'>NA</subfield><subfield code='l'>RECAP</subfield></datafield><datafield ind1=' ' ind2=' ' tag='876'><subfield code='0'>6953590</subfield><subfield code='3'>v. 45 (Zei-Zyr)</subfield><subfield code='a'>11194337</subfield><subfield code='h'>Supervised Use</subfield><subfield code='j'>Available</subfield><subfield code='p'>33433103635391</subfield><subfield code='t'>1</subfield><subfield code='x'>Open</subfield><subfield code='z'>NA</subfield><subfield code='l'>RECAP</subfield></datafield><datafield ind1=' ' ind2=' ' tag='876'><subfield code='0'>6953590</subfield><subfield code='3'>v. 46, appendix to 1899 (And-Bis)</subfield><subfield code='a'>11194338</subfield><subfield code='h'>Supervised Use</subfield><subfield code='j'>Available</subfield><subfield code='p'>33433103635409</subfield><subfield code='t'>1</subfield><subfield code='x'>Open</subfield><subfield code='z'>NA</subfield><subfield code='l'>RECAP</subfield></datafield><datafield ind1=' ' ind2=' ' tag='876'><subfield code='0'>6953590</subfield><subfield code='3'>v. 23 (mun-noo)</subfield><subfield code='a'>11194339</subfield><subfield code='h'>In Library Use</subfield><subfield code='j'>Available</subfield><subfield code='p'>33433103635417</subfield><subfield code='t'>1</subfield><subfield code='x'>Open</subfield><subfield code='z'>NA</subfield><subfield code='l'>RECAP</subfield></datafield><datafield ind1=' ' ind2=' ' tag='876'><subfield code='0'>6953590</subfield><subfield code='3'>v. 14 (Jet-Kah)</subfield><subfield code='a'>11194340</subfield><subfield code='h'>In Library Use</subfield><subfield code='j'>Available</subfield><subfield code='p'>33433103635540</subfield><subfield code='t'>1</subfield><subfield code='x'>Open</subfield><subfield code='z'>NA</subfield><subfield code='l'>RECAP</subfield></datafield><datafield ind1=' ' ind2=' ' tag='876'><subfield code='0'>6953590</subfield><subfield code='3'>v. 15 (Kah-Kir)</subfield><subfield code='a'>11194341</subfield><subfield code='h'>In Library Use</subfield><subfield code='j'>Available</subfield><subfield code='p'>33433103635557</subfield><subfield code='t'>1</subfield><subfield code='x'>Open</subfield><subfield code='z'>NA</subfield><subfield code='l'>RECAP</subfield></datafield><datafield ind1=' ' ind2=' ' tag='876'><subfield code='0'>6953590</subfield><subfield code='3'>v. 16 (Kir-Kot)</subfield><subfield code='a'>11194342</subfield><subfield code='h'>In Library Use</subfield><subfield code='j'>Available</subfield><subfield code='p'>33433103635565</subfield><subfield code='t'>1</subfield><subfield code='x'>Open</subfield><subfield code='z'>NA</subfield><subfield code='l'>RECAP</subfield></datafield><datafield ind1=' ' ind2=' ' tag='876'><subfield code='0'>6953590</subfield><subfield code='3'>v. 17 (Kra-Las)</subfield><subfield code='a'>11194343</subfield><subfield code='h'>In Library Use</subfield><subfield code='j'>Available</subfield><subfield code='p'>33433103635573</subfield><subfield code='t'>1</subfield><subfield code='x'>Open</subfield><subfield code='z'>NA</subfield><subfield code='l'>RECAP</subfield></datafield><datafield ind1=' ' ind2=' ' tag='876'><subfield code='0'>6953590</subfield><subfield code='3'>v. 10 (Gru-Has)</subfield><subfield code='a'>11194344</subfield><subfield code='h'>In Library Use</subfield><subfield code='j'>Available</subfield><subfield code='p'>33433103635581</subfield><subfield code='t'>1</subfield><subfield code='x'>Open</subfield><subfield code='z'>NA</subfield><subfield code='l'>RECAP</subfield></datafield><datafield ind1=' ' ind2=' ' tag='876'><subfield code='0'>6953590</subfield><subfield code='3'>v. 11 (Has-Hen)</subfield><subfield code='a'>11194345</subfield><subfield code='h'>In Library Use</subfield><subfield code='j'>Available</subfield><subfield code='p'>33433103635599</subfield><subfield code='t'>1</subfield><subfield code='x'>Open</subfield><subfield code='z'>NA</subfield><subfield code='l'>RECAP</subfield></datafield><datafield ind1=' ' ind2=' ' tag='876'><subfield code='0'>6953590</subfield><subfield code='3'>v. 54, appendix to 1899 (Scheu-Wal)</subfield><subfield code='a'>11194346</subfield><subfield code='h'>In Library Use</subfield><subfield code='j'>Available</subfield><subfield code='p'>33433103635607</subfield><subfield code='t'>1</subfield><subfield code='x'>Open</subfield><subfield code='z'>NA</subfield><subfield code='l'>RECAP</subfield></datafield><datafield ind1=' ' ind2=' ' tag='876'><subfield code='0'>6953590</subfield><subfield code='3'>v. 55, appendix to 1899 (Wan-Zwi)</subfield><subfield code='a'>11194347</subfield><subfield code='h'>In Library Use</subfield><subfield code='j'>Available</subfield><subfield code='p'>33433103635615</subfield><subfield code='t'>1</subfield><subfield code='x'>Open</subfield><subfield code='z'>NA</subfield><subfield code='l'>RECAP</subfield></datafield><datafield ind1=' ' ind2=' ' tag='876'><subfield code='0'>6953590</subfield><subfield code='3'>v. 31 (1890)</subfield><subfield code='a'>11194348</subfield><subfield code='h'>In Library Use</subfield><subfield code='j'>Available</subfield><subfield code='p'>33433092117021</subfield><subfield code='t'>1</subfield><subfield code='x'>Open</subfield><subfield code='z'>NA</subfield><subfield code='l'>RECAP</subfield></datafield><datafield ind1=' ' ind2=' ' tag='876'><subfield code='0'>6953590</subfield><subfield code='3'>v. 22 (1885)</subfield><subfield code='a'>11194349</subfield><subfield code='h'>In Library Use</subfield><subfield code='j'>Available</subfield><subfield code='p'>33433092116759</subfield><subfield code='t'>1</subfield><subfield code='x'>Open</subfield><subfield code='z'>NA</subfield><subfield code='l'>RECAP</subfield></datafield><datafield ind1=' ' ind2=' ' tag='876'><subfield code='0'>6953590</subfield><subfield code='3'>v. 28 (Rei-Rod)</subfield><subfield code='a'>11194350</subfield><subfield code='h'>In Library Use</subfield><subfield code='j'>Available</subfield><subfield code='p'>33433103586826</subfield><subfield code='t'>1</subfield><subfield code='x'>Open</subfield><subfield code='z'>NA</subfield><subfield code='l'>RECAP</subfield></datafield><datafield ind1=' ' ind2=' ' tag='876'><subfield code='0'>6953590</subfield><subfield code='3'>v. 26 (Phi-Pyr)</subfield><subfield code='a'>11194351</subfield><subfield code='h'>In Library Use</subfield><subfield code='j'>Available</subfield><subfield code='p'>33433103586842</subfield><subfield code='t'>1</subfield><subfield code='x'>Open</subfield><subfield code='z'>NA</subfield><subfield code='l'>RECAP</subfield></datafield><datafield ind1=' ' ind2=' ' tag='876'><subfield code='0'>6953590</subfield><subfield code='3'>v. 25 (Ove-Phi)</subfield><subfield code='a'>11194352</subfield><subfield code='h'>In Library Use</subfield><subfield code='j'>Available</subfield><subfield code='p'>33433103586859</subfield><subfield code='t'>1</subfield><subfield code='x'>Open</subfield><subfield code='z'>NA</subfield><subfield code='l'>RECAP</subfield></datafield><datafield ind1=' ' ind2=' ' tag='876'><subfield code='0'>6953590</subfield><subfield code='3'>v. 24 (Noo-Ove)</subfield><subfield code='a'>11194353</subfield><subfield code='h'>In Library Use</subfield><subfield code='j'>Available</subfield><subfield code='p'>33433103586867</subfield><subfield code='t'>1</subfield><subfield code='x'>Open</subfield><subfield code='z'>NA</subfield><subfield code='l'>RECAP</subfield></datafield><datafield ind1=' ' ind2=' ' tag='876'><subfield code='0'>6953590</subfield><subfield code='3'>v. 39 (Tun-Vin)</subfield><subfield code='a'>11194354</subfield><subfield code='h'>In Library Use</subfield><subfield code='j'>Available</subfield><subfield code='p'>33433103586875</subfield><subfield code='t'>1</subfield><subfield code='x'>Open</subfield><subfield code='z'>NA</subfield><subfield code='l'>RECAP</subfield></datafield><datafield ind1=' ' ind2=' ' tag='876'><subfield code='0'>6953590</subfield><subfield code='3'>v. 38 (Thi-Tun)</subfield><subfield code='a'>11194355</subfield><subfield code='h'>In Library Use</subfield><subfield code='j'>Available</subfield><subfield code='p'>33433103586883</subfield><subfield code='t'>1</subfield><subfield code='x'>Open</subfield><subfield code='z'>NA</subfield><subfield code='l'>RECAP</subfield></datafield><datafield ind1=' ' ind2=' ' tag='876'><subfield code='0'>6953590</subfield><subfield code='3'>v. 37 (Stu-Thi)</subfield><subfield code='a'>11194356</subfield><subfield code='h'>In Library Use</subfield><subfield code='j'>Available</subfield><subfield code='p'>33433103586891</subfield><subfield code='t'>1</subfield><subfield code='x'>Open</subfield><subfield code='z'>NA</subfield><subfield code='l'>RECAP</subfield></datafield><datafield ind1=' ' ind2=' ' tag='876'><subfield code='0'>6953590</subfield><subfield code='3'>v. 42 (Wer-Wil)</subfield><subfield code='a'>11194357</subfield><subfield code='h'>In Library Use</subfield><subfield code='j'>Available</subfield><subfield code='p'>33433103635318</subfield><subfield code='t'>1</subfield><subfield code='x'>Open</subfield><subfield code='z'>NA</subfield><subfield code='l'>RECAP</subfield></datafield><datafield ind1=' ' ind2=' ' tag='876'><subfield code='0'>6953590</subfield><subfield code='3'>v. 44 (Wol-Zei)</subfield><subfield code='a'>11194358</subfield><subfield code='h'>In Library Use</subfield><subfield code='j'>Available</subfield><subfield code='p'>33433103635383</subfield><subfield code='t'>1</subfield><subfield code='x'>Open</subfield><subfield code='z'>NA</subfield><subfield code='l'>RECAP</subfield></datafield><datafield ind1=' ' ind2=' ' tag='876'><subfield code='0'>6953590</subfield><subfield code='3'>v. 56, General Register</subfield><subfield code='a'>11194359</subfield><subfield code='h'>In Library Use</subfield><subfield code='j'>Available</subfield><subfield code='p'>33433082537535</subfield><subfield code='t'>1</subfield><subfield code='x'>Open</subfield><subfield code='z'>NA</subfield><subfield code='l'>RECAP</subfield></datafield><datafield ind1=' ' ind2=' ' tag='876'><subfield code='0'>6953590</subfield><subfield code='3'>v. 41 (wal-wer)</subfield><subfield code='a'>11194360</subfield><subfield code='h'>In Library Use</subfield><subfield code='j'>Available</subfield><subfield code='p'>33433103444075</subfield><subfield code='t'>1</subfield><subfield code='x'>Open</subfield><subfield code='z'>NA</subfield><subfield code='l'>RECAP</subfield></datafield></record>