
<record><leader>01407nam a2200349 a 4500</leader><controlfield tag='001'>SCSB-3632240</controlfield><controlfield tag='003'>NNC</controlfield><controlfield tag='005'>20220615233327.0</controlfield><controlfield tag='008'>981109s1998    enka     bc   001 0 eng d</controlfield><controlfield tag='009'>2219703</controlfield><datafield ind1=' ' ind2=' ' tag='020'><subfield code='a'>072860292X</subfield></datafield><datafield ind1=' ' ind2=' ' tag='035'><subfield code='a'>(OCoLC)ocm40262536</subfield></datafield><datafield ind1=' ' ind2=' ' tag='035'><subfield code='9'>ANU7538CU</subfield></datafield><datafield ind1=' ' ind2=' ' tag='035'><subfield code='a'>2219703</subfield></datafield><datafield ind1=' ' ind2=' ' tag='040'><subfield code='a'>PIT</subfield><subfield code='c'>PIT</subfield></datafield><datafield ind1='0' ind2=' ' tag='041'><subfield code='a'>engchi</subfield></datafield><datafield ind1=' ' ind2=' ' tag='043'><subfield code='a'>a-cc---</subfield></datafield><datafield ind1=' ' ind2=' ' tag='090'><subfield code='a'>Z921</subfield><subfield code='b'>.W47 1998</subfield></datafield><datafield ind1='1' ind2=' ' tag='100'><subfield code='a'>West, Andrew Christopher,</subfield><subfield code='d'>1960-</subfield><subfield code='0'>http://id.loc.gov/authorities/names/nr93032921</subfield></datafield><datafield ind1='1' ind2='0' tag='245'><subfield code='a'>Catalogue of the Morrison collection of Chinese books /</subfield><subfield code='c'>Andrew C. West.</subfield></datafield><datafield ind1='3' ind2='5' tag='246'><subfield code='a'>Ma-li-hsün tsʻang shu shu mu</subfield></datafield><datafield ind1='3' ind2='7' tag='246'><subfield code='a'>Catalogue of the Morrison collection</subfield></datafield><datafield ind1=' ' ind2=' ' tag='250'><subfield code='a'>[1st ed.].</subfield></datafield><datafield ind1=' ' ind2=' ' tag='260'><subfield code='a'>London :</subfield><subfield code='b'>University of London School of Oriental and African Studies,</subfield><subfield code='c'>1998.</subfield></datafield><datafield ind1=' ' ind2=' ' tag='300'><subfield code='a'>XL, 376 pages :</subfield><subfield code='b'>illustrations ;</subfield><subfield code='c'>31 cm</subfield></datafield><datafield ind1=' ' ind2=' ' tag='336'><subfield code='a'>text</subfield><subfield code='b'>txt</subfield><subfield code='2'>rdacontent</subfield></datafield><datafield ind1=' ' ind2=' ' tag='337'><subfield code='a'>unmediated</subfield><subfield code='b'>n</subfield><subfield code='2'>rdamedia</subfield></datafield><datafield ind1=' ' ind2=' ' tag='500'><subfield code='a'>Includes title index and author index.</subfield></datafield><datafield ind1=' ' ind2='0' tag='650'><subfield code='a'>Chinese imprints</subfield><subfield code='v'>Catalogs.</subfield><subfield code='0'>http://id.loc.gov/authorities/subjects/sh2008100562</subfield></datafield><datafield ind1=' ' ind2='0' tag='650'><subfield code='a'>Rare books</subfield><subfield code='z'>China</subfield><subfield code='v'>Bibliography</subfield><subfield code='v'>Catalogs.</subfield><subfield code='0'>http://id.loc.gov/authorities/subjects/sh2008110467</subfield></datafield><datafield ind1='2' ind2='0' tag='610'><subfield code='a'>University of London.</subfield><subfield code='b'>School of Oriental and African Studies</subfield><subfield code='v'>Catalogs.</subfield></datafield><datafield ind1='2' ind2=' ' tag='710'><subfield code='a'>University of London.</subfield><subfield code='b'>School of Oriental and African Studies.</subfield><subfield code='0'>http://id.loc.gov/authorities/names/n79092591</subfield></datafield><datafield ind1=' ' ind2=' ' tag='901'><subfield code='a'>29d91ab4-0d51-48bd-9639-1767188ff532</subfield><subfield code='b'>25</subfield><subfield code='c'>false</subfield></datafield><datafield ind1='0' ind2='0' tag='852'><subfield code='h'>Z921.L6 W47 1998g</subfield><subfield code='0'>3636577</subfield><subfield code='b'>scsbcul</subfield></datafield><datafield ind1=' ' ind2=' ' tag='876'><subfield code='0'>3636577</subfield><subfield code='a'>5407877</subfield><subfield code='h'> </subfield><subfield code='j'>Available</subfield><subfield code='p'>CU73479438</subfield><subfield code='t'>1</subfield><subfield code='x'>Shared</subfield><subfield code='z'>CU</subfield><subfield code='l'>RECAP</subfield></datafield></record>