
<record><leader>00000cam a2200673 i 4500</leader><controlfield tag='001'>SCSB-14472111</controlfield><controlfield tag='003'>OCoLC</controlfield><controlfield tag='005'>20230130040149.0</controlfield><controlfield tag='008'>220425t20232023enka     b    001 0 eng  cam i </controlfield><controlfield tag='009'>.b229354257</controlfield><datafield ind1='1' ind2=' ' tag='700'><subfield code='a'>Lettau, Meike,</subfield><subfield code='e'>editor.</subfield></datafield><datafield ind1='1' ind2=' ' tag='700'><subfield code='a'>Mtaku, Christopher Yusufu,</subfield><subfield code='e'>editor.</subfield></datafield><datafield ind1='1' ind2=' ' tag='700'><subfield code='a'>Otchere, Eric Debrah,</subfield><subfield code='e'>editor.</subfield></datafield><datafield ind1=' ' ind2='0' tag='650'><subfield code='a'>Performing arts</subfield><subfield code='x'>Social aspects</subfield><subfield code='z'>Africa, West.</subfield></datafield><datafield ind1=' ' ind2='0' tag='650'><subfield code='a'>Sustainability</subfield><subfield code='x'>Social aspects</subfield><subfield code='z'>Africa, West.</subfield></datafield><datafield ind1=' ' ind2='0' tag='650'><subfield code='a'>Cultural property</subfield><subfield code='x'>Protection</subfield><subfield code='z'>Africa, West.</subfield></datafield><datafield ind1=' ' ind2='7' tag='650'><subfield code='a'>Cultural property</subfield><subfield code='x'>Protection.</subfield><subfield code='2'>fast</subfield><subfield code='0'>(OCoLC)fst00885019</subfield></datafield><datafield ind1=' ' ind2='7' tag='650'><subfield code='a'>Performing arts</subfield><subfield code='x'>Social aspects.</subfield><subfield code='2'>fast</subfield><subfield code='0'>(OCoLC)fst01057933</subfield></datafield><datafield ind1=' ' ind2='7' tag='651'><subfield code='a'>Africa, West.</subfield><subfield code='2'>fast</subfield><subfield code='0'>(OCoLC)fst01239521</subfield></datafield><datafield ind1=' ' ind2='7' tag='650'><subfield code='a'>Performing arts.</subfield><subfield code='2'>fast</subfield><subfield code='0'>(OCoLC)fst01057887</subfield></datafield><datafield ind1=' ' ind2='7' tag='650'><subfield code='a'>Sustainability.</subfield><subfield code='2'>fast</subfield><subfield code='0'>(OCoLC)fst01747391</subfield></datafield><datafield ind1=' ' ind2='7' tag='650'><subfield code='a'>Social aspects.</subfield><subfield code='2'>fast</subfield><subfield code='0'>(OCoLC)fst01354981</subfield></datafield><datafield ind1=' ' ind2='7' tag='650'><subfield code='a'>Cultural property.</subfield><subfield code='2'>fast</subfield><subfield code='0'>(OCoLC)fst00885014</subfield></datafield><datafield ind1=' ' ind2=' ' tag='020'><subfield code='a'>9781032198231</subfield><subfield code='q'>hardcover</subfield></datafield><datafield ind1=' ' ind2=' ' tag='020'><subfield code='a'>1032198230</subfield><subfield code='q'>hardcover</subfield></datafield><datafield ind1=' ' ind2=' ' tag='020'><subfield code='a'>9781032198224</subfield><subfield code='q'>paperback</subfield></datafield><datafield ind1=' ' ind2=' ' tag='020'><subfield code='a'>1032198222</subfield><subfield code='q'>paperback</subfield></datafield><datafield ind1=' ' ind2=' ' tag='010'><subfield code='a'>  2022019932</subfield></datafield><datafield ind1=' ' ind2=' ' tag='504'><subfield code='a'>Includes bibliographical references and index.</subfield></datafield><datafield ind1='0' ind2='0' tag='505'><subfield code='t'>Cultural Practices and Policies for Sustainable Development: Theoretical and Methodological Approaches to Research Culture in Conflict Situations in West Africa /</subfield><subfield code='r'>Meike Lettau, Sacha Kagan, Christopher Mtaku, Eric Otchere --</subfield><subfield code='g'>Part 1: Cultural Practices and Sustainable Development --</subfield><subfield code='t'>Performing Healing, Sustaining Culture: Experiences of Managing Collective Trauma Amongst Displaced Persons in the Daudu Community, Nigeria /</subfield><subfield code='r'>Shadrach Teryila Ukuma --</subfield><subfield code='t'>Visual Representations as a Tool for Peace Education and Peace Promotion Towards Sustainable Development: A Case of Dalori Camp, Maiduguri Borno State, Nigeria /</subfield><subfield code='r'>Naomi Andrew Haruna --</subfield><subfield code='t'>Community Participation and Cultural Sustainability in Nkwen and Bamendankwe, Cameroon: A &apos;Video for Development&apos; Approach /</subfield><subfield code='r'>Susan B. Tanwie --</subfield><subfield code='t'>Gender Equity and Sustainable Development: A &apos;Film for Development&apos; Approach among the Kom of Northwest Cameroon /</subfield><subfield code='r'>Alasambom Nyingchuo --</subfield><subfield code='t'>Designing with Waste: A New Paradigm for Set Design in Theatre Productions in Ghana /</subfield><subfield code='r'>Mawukplorm Harriet Abla Adjahoe --</subfield><subfield code='t'>The Effects of Displacement on Kanuri Cultural Practices of Internally Displaced Persons of Borno State, Nigeria /</subfield><subfield code='r'>Zainab Musa Shallangwa --</subfield><subfield code='g'>Part 2: Cultural Policy and Sustainable Development --</subfield><subfield code='t'>Cultural Policy Evaluation Towards a Sustainable Arts and Cultural Sector in Ghana /</subfield><subfield code='r'>Amos Darkwa Asare --</subfield><subfield code='t'>Connecting Knowledge and Practice for Sustainable Development: A Case of the School of Performing Arts, University of Ghana /</subfield><subfield code='r'>Madinatu Bello --</subfield><subfield code='t'>Inputs Towards a Coherent Cultural Policy in Benin Based on an Analysis of Historical Developments /</subfield><subfield code='r'>Espéra G. Donouvossi --</subfield><subfield code='t'>Repatriation and Recirculation: A Case for Sustainable Practice in Administering Nigerian Antiquities /</subfield><subfield code='r'>Abba Isa Tijani.</subfield></datafield><datafield ind1=' ' ind2=' ' tag='520'><subfield code='a'>&quot;This book discusses the role of cultural practices and policy for sustainable development in West Africa across different artistic disciplines, including performance, video, theatre, community arts and cultural heritage. Based on ethnographic field research in local communities, the book presents findings on current debates of cultural sustainability in Nigeria, Ghana, Cameroon and Benin. It provides a unique perspective connecting cultural studies, conflict studies and practical peacebuilding approaches through the arts. The first part pays particular attention to aspects of social cohesion and the circumstances of internally displaced persons e. g. caused by the Boko Haram insurgency in Northeast Nigeria. The second part focuses on cultural policy issues and challenges in the context of sustainable development, investigating participatory approaches and bottom-up processes, the role of governments and civil society, as well as performing arts organizations and universities in policy making and implementation processes. Performing Sustainability in West Africa presents research results and new methods on the role of artistic and cultural practices in conflict situations as well as current debates in cultural policy for researchers, academics, NGOs and students in cultural studies, sustainable development studies and African studies&quot;--</subfield><subfield code='c'>Provided by publisher.</subfield></datafield><datafield ind1=' ' ind2='1' tag='264'><subfield code='a'>Abingdon, Oxon ;</subfield><subfield code='a'>New York, NY :</subfield><subfield code='b'>Routledge, Taylor &amp; Francis Group,</subfield><subfield code='c'>2023.</subfield></datafield><datafield ind1=' ' ind2='4' tag='264'><subfield code='c'>©2023</subfield></datafield><datafield ind1=' ' ind2=' ' tag='300'><subfield code='a'>xvii, 218 pages :</subfield><subfield code='b'>illustrations ;</subfield><subfield code='c'>25 cm.</subfield></datafield><datafield ind1=' ' ind2=' ' tag='336'><subfield code='a'>text</subfield><subfield code='b'>txt</subfield><subfield code='2'>rdacontent</subfield></datafield><datafield ind1=' ' ind2=' ' tag='337'><subfield code='a'>unmediated</subfield><subfield code='b'>n</subfield><subfield code='2'>rdamedia</subfield></datafield><datafield ind1=' ' ind2=' ' tag='338'><subfield code='a'>volume</subfield><subfield code='b'>nc</subfield><subfield code='2'>rdacarrier</subfield></datafield><datafield ind1='1' ind2=' ' tag='490'><subfield code='a'>Routledge studies in culture and sustainable development</subfield></datafield><datafield ind1=' ' ind2='0' tag='830'><subfield code='a'>Routledge studies in culture and sustainable development.</subfield></datafield><datafield ind1='0' ind2='0' tag='245'><subfield code='a'>Performing sustainability in West Africa :</subfield><subfield code='b'>cultural practices and policies for sustainable development /</subfield><subfield code='c'>edited by Meike Lettau, Christopher Yusufu Mtaku and Eric Debrah Otchere.</subfield></datafield><datafield ind1='0' ind2='8' tag='776'><subfield code='i'>Online version:</subfield><subfield code='t'>Performing sustainability in West Africa</subfield><subfield code='d'>New York : Routledge, 2022</subfield><subfield code='z'>9781003261025</subfield><subfield code='w'>(DLC)  2022019933</subfield></datafield><datafield ind1=' ' ind2=' ' tag='015'><subfield code='a'>GBC2B5473</subfield><subfield code='2'>bnb</subfield></datafield><datafield ind1='7' ind2=' ' tag='016'><subfield code='a'>020668363</subfield><subfield code='2'>Uk</subfield></datafield><datafield ind1=' ' ind2=' ' tag='019'><subfield code='a'>1313788052</subfield></datafield><datafield ind1=' ' ind2=' ' tag='040'><subfield code='a'>IEN/DLC</subfield><subfield code='b'>eng</subfield><subfield code='e'>rda</subfield><subfield code='c'>DLC</subfield><subfield code='d'>OCLCO</subfield><subfield code='d'>BDX</subfield><subfield code='d'>OCLCF</subfield><subfield code='d'>UKMGB</subfield><subfield code='d'>TKN</subfield><subfield code='d'>YDX</subfield><subfield code='d'>NYP</subfield></datafield><datafield ind1=' ' ind2=' ' tag='042'><subfield code='a'>pcc</subfield></datafield><datafield ind1=' ' ind2=' ' tag='043'><subfield code='a'>fw-----</subfield></datafield><datafield ind1=' ' ind2=' ' tag='049'><subfield code='a'>NYPP</subfield></datafield><datafield ind1='0' ind2='0' tag='050'><subfield code='a'>PN1590.S6</subfield><subfield code='b'>P485 2023</subfield></datafield><datafield ind1='0' ind2='4' tag='082'><subfield code='a'>306.4840966</subfield><subfield code='2'>23/eng/20220425</subfield></datafield><datafield ind1=' ' ind2=' ' tag='901'><subfield code='a'>MARS</subfield></datafield><datafield ind1='0' ind2='0' tag='908'><subfield code='a'>PN1590.S6</subfield><subfield code='b'>P485 2023</subfield></datafield><datafield ind1=' ' ind2=' ' tag='901'><subfield code='a'>sgr</subfield><subfield code='b'>CATRL</subfield></datafield><datafield ind1=' ' ind2=' ' tag='910'><subfield code='a'>RL</subfield></datafield><datafield ind1='0' ind2='0' tag='907'><subfield code='a'>.b229354257</subfield></datafield><datafield ind1=' ' ind2=' ' tag='035'><subfield code='a'>(OCoLC)1312893370</subfield></datafield><datafield ind1='8' ind2=' ' tag='852'><subfield code='h'>MWEL (Africa) 23-447</subfield><subfield code='0'>15444010</subfield><subfield code='b'>scsbnypl</subfield></datafield><datafield ind1=' ' ind2=' ' tag='876'><subfield code='0'>15444010</subfield><subfield code='a'>22016713</subfield><subfield code='j'>Available</subfield><subfield code='p'>33433135876344</subfield><subfield code='t'>1</subfield><subfield code='x'>Shared</subfield><subfield code='z'>NA</subfield><subfield code='l'>RECAP</subfield></datafield></record>