
<record><leader>01583cam a2200385 a 4500</leader><controlfield tag='001'>SCSB-4566447</controlfield><controlfield tag='003'>NNC</controlfield><controlfield tag='005'>20221026211445.0</controlfield><controlfield tag='008'>970623s1996    cc a     b    000 0 chi d</controlfield><controlfield tag='009'>3788965</controlfield><datafield ind1=' ' ind2=' ' tag='020'><subfield code='a'>7532520234</subfield></datafield><datafield ind1=' ' ind2=' ' tag='035'><subfield code='a'>(OCoLC)502748414</subfield></datafield><datafield ind1=' ' ind2=' ' tag='035'><subfield code='a'>(OCoLC)ocn502748414</subfield></datafield><datafield ind1=' ' ind2=' ' tag='035'><subfield code='a'>(CStRLIN)NYCP97-B21881</subfield></datafield><datafield ind1=' ' ind2=' ' tag='035'><subfield code='a'>(NNC)3788965</subfield></datafield><datafield ind1=' ' ind2=' ' tag='035'><subfield code='a'>3788965</subfield></datafield><datafield ind1=' ' ind2=' ' tag='040'><subfield code='a'>NjP-G</subfield><subfield code='c'>NjP-G</subfield><subfield code='d'>NNC</subfield><subfield code='d'>CStRLIN</subfield></datafield><datafield ind1=' ' ind2='4' tag='050'><subfield code='a'>PL2690.S33</subfield><subfield code='b'>W44 1996</subfield></datafield><datafield ind1=' ' ind2=' ' tag='066'><subfield code='c'>$1</subfield></datafield><datafield ind1=' ' ind2=' ' tag='079'><subfield code='a'>ocm36540094</subfield></datafield><datafield ind1=' ' ind2=' ' tag='090'><subfield code='a'>PL2690.S33</subfield><subfield code='b'>W44 1996</subfield><subfield code='i'>06/25/97 CT</subfield></datafield><datafield ind1='1' ind2=' ' tag='100'><subfield code='a'>West, Andrew Christopher,</subfield><subfield code='d'>1960-</subfield><subfield code='0'>http://id.loc.gov/authorities/names/nr93032921</subfield></datafield><datafield ind1='1' ind2='0' tag='245'><subfield code='6'>880-01</subfield><subfield code='a'>San guo yan yi ban ben kao /</subfield><subfield code='c'>Wei An zhu.</subfield></datafield><datafield ind1=' ' ind2=' ' tag='250'><subfield code='6'>880-02</subfield><subfield code='a'>Di 1 ban.</subfield></datafield><datafield ind1=' ' ind2=' ' tag='260'><subfield code='6'>880-03</subfield><subfield code='a'>Shanghai :</subfield><subfield code='b'>Shanghai gu ji chu ban she :</subfield><subfield code='b'>Hisn hua shu dian Shanghai fa xing suo fa xing,</subfield><subfield code='c'>1996.</subfield></datafield><datafield ind1=' ' ind2=' ' tag='300'><subfield code='a'>198 pages :</subfield><subfield code='b'>illustrations ;</subfield><subfield code='c'>21 cm</subfield></datafield><datafield ind1=' ' ind2=' ' tag='336'><subfield code='a'>text</subfield><subfield code='b'>txt</subfield><subfield code='2'>rdacontent</subfield></datafield><datafield ind1=' ' ind2=' ' tag='337'><subfield code='a'>unmediated</subfield><subfield code='b'>n</subfield><subfield code='2'>rdamedia</subfield></datafield><datafield ind1=' ' ind2=' ' tag='504'><subfield code='a'>Includes bibliographical references (p. [195]-198).</subfield></datafield><datafield ind1='1' ind2='0' tag='600'><subfield code='6'>880-04</subfield><subfield code='a'>Luo, Guanzhong,</subfield><subfield code='d'>approximately 1330-approximately 1400.</subfield><subfield code='t'>San guo zhi yan yi</subfield><subfield code='x'>Criticism, Textual.</subfield></datafield><datafield ind1='1' ind2='0' tag='880'><subfield code='6'>245-01/$1</subfield><subfield code='a'>三國　演義　版本考　/</subfield><subfield code='c'>魏　安　著．</subfield></datafield><datafield ind1=' ' ind2=' ' tag='880'><subfield code='6'>250-02/$1</subfield><subfield code='a'>第1版．</subfield></datafield><datafield ind1=' ' ind2=' ' tag='880'><subfield code='6'>260-03/$1</subfield><subfield code='a'>上海 :</subfield><subfield code='b'>上海　古籍　出版社 :</subfield><subfield code='b'>新華　書店　上海　發行所　發行,</subfield><subfield code='c'>1996.</subfield></datafield><datafield ind1='1' ind2='4' tag='880'><subfield code='6'>600-04/$1</subfield><subfield code='a'>羅　貫中,</subfield><subfield code='d'>approximately 1330-approximately 1400.</subfield><subfield code='t'>三國志　演義</subfield><subfield code='x'>Criticism, Textual.</subfield></datafield><datafield ind1='0' ind2='0' tag='852'><subfield code='h'>PL2690.S33 W44 1996</subfield><subfield code='0'>4574050</subfield><subfield code='b'>scsbcul</subfield></datafield><datafield ind1=' ' ind2=' ' tag='876'><subfield code='0'>4574050</subfield><subfield code='a'>6726795</subfield><subfield code='h'> </subfield><subfield code='j'>Available</subfield><subfield code='p'>CU67916660</subfield><subfield code='t'>1</subfield><subfield code='x'>Shared</subfield><subfield code='z'>CU</subfield><subfield code='l'>RECAP</subfield></datafield></record>