
<record><leader>00000cam a2200529 i 4500</leader><controlfield tag='001'>SCSB-10552802</controlfield><controlfield tag='005'>20130622224534.0</controlfield><controlfield tag='008'>130401s2013    nyu           000 1 eng  </controlfield><controlfield tag='009'>990137141920203941</controlfield><datafield ind1=' ' ind2=' ' tag='010'><subfield code='a'>^^2013006966</subfield></datafield><datafield ind1=' ' ind2=' ' tag='020'><subfield code='a'>9781250016843 (cloth)</subfield></datafield><datafield ind1=' ' ind2=' ' tag='020'><subfield code='a'>1250016843 (cloth)</subfield></datafield><datafield ind1=' ' ind2=' ' tag='020'><subfield code='z'>9781250016836 (e-book)</subfield></datafield><datafield ind1=' ' ind2=' ' tag='035'><subfield code='a'>(OCoLC)811597518</subfield><subfield code='z'>(OCoLC)835169616</subfield><subfield code='z'>(OCoLC)854981162</subfield></datafield><datafield ind1=' ' ind2=' ' tag='040'><subfield code='a'>DLC</subfield><subfield code='b'>eng</subfield><subfield code='e'>rda</subfield><subfield code='c'>DLC</subfield><subfield code='d'>IG#</subfield><subfield code='d'>BTCTA</subfield><subfield code='d'>KLP</subfield><subfield code='d'>BDX</subfield><subfield code='d'>OCLCO</subfield><subfield code='d'>UPZ</subfield><subfield code='d'>YDXCP</subfield><subfield code='d'>IH7</subfield><subfield code='d'>COO</subfield><subfield code='d'>BWX</subfield></datafield><datafield ind1=' ' ind2=' ' tag='042'><subfield code='a'>pcc</subfield></datafield><datafield ind1=' ' ind2=' ' tag='043'><subfield code='a'>n-us-ma</subfield></datafield><datafield ind1='0' ind2='0' tag='050'><subfield code='a'>PS3601.H573</subfield><subfield code='b'>C37 2013</subfield></datafield><datafield ind1='0' ind2='0' tag='082'><subfield code='a'>813/.6</subfield><subfield code='2'>23</subfield></datafield><datafield ind1='1' ind2=' ' tag='100'><subfield code='a'>Ahmad, A. X.</subfield></datafield><datafield ind1='1' ind2='4' tag='245'><subfield code='a'>The caretaker /</subfield><subfield code='c'>A.X. Ahmad.</subfield></datafield><datafield ind1=' ' ind2=' ' tag='250'><subfield code='a'>First edition.</subfield></datafield><datafield ind1=' ' ind2=' ' tag='260'><subfield code='a'>New York :</subfield><subfield code='b'>Minotaur Books,</subfield><subfield code='c'>2013.</subfield></datafield><datafield ind1=' ' ind2=' ' tag='300'><subfield code='a'>294 pages ;</subfield><subfield code='c'>25 cm</subfield></datafield><datafield ind1=' ' ind2=' ' tag='336'><subfield code='a'>text</subfield><subfield code='2'>rdacontent</subfield></datafield><datafield ind1=' ' ind2=' ' tag='337'><subfield code='a'>unmediated</subfield><subfield code='2'>rdamedia</subfield></datafield><datafield ind1=' ' ind2=' ' tag='338'><subfield code='a'>volume</subfield><subfield code='2'>rdacarrier</subfield></datafield><datafield ind1=' ' ind2=' ' tag='520'><subfield code='a'>&quot;Ranjit Singh, a former Indian Army Captain trying to escape a shameful past, lives with his family among the migrant workers of Martha&apos;s Vineyard, working as a caretaker of the vacation homes of the rich and powerful. Needing a place to stay, Ranjit moves his family into an empty Senator&apos;s home. Happily, but illegally ensconced in the house, he tries to forget his brief affair with Anna, the wife of an African-American senator, and focus on providing for his family. But one night, their idyll is shattered when mysterious armed men break into the house, looking for an antique porcelain doll. Forced to flee, Ranjit is pursued and hunted by unknown forces, and becomes drawn into the Senator&apos;s shadowy world. To save his family and solve the mystery of the doll, he must join forces with Anna, who has her own dark secrets. As the past and present collide, Ranjit must finally confront the hidden event that destroyed his Army career and forced him to leave India. Tightly plotted, action-packed, smart and surprisingly moving, The Caretaker takes us from the desperate world of migrant workers to the elite African-American community of Martha&apos;s Vineyard, and a secret high-altitude war between India and Pakistan. &quot;--</subfield><subfield code='c'>Provided by publisher.</subfield></datafield><datafield ind1=' ' ind2=' ' tag='504'><subfield code='a'>Includes bibliographical references.</subfield></datafield><datafield ind1=' ' ind2='0' tag='650'><subfield code='a'>Squatters</subfield><subfield code='v'>Fiction.</subfield></datafield><datafield ind1=' ' ind2='0' tag='650'><subfield code='a'>East Indians</subfield><subfield code='z'>United States</subfield><subfield code='v'>Fiction.</subfield></datafield><datafield ind1=' ' ind2='0' tag='651'><subfield code='a'>Martha&apos;s Vineyard (Mass.)</subfield><subfield code='v'>Fiction</subfield></datafield><datafield ind1=' ' ind2='0' tag='655'><subfield code='a'>Political fiction</subfield></datafield><datafield ind1=' ' ind2='7' tag='655'><subfield code='a'>Suspense fiction</subfield><subfield code='2'>gsafd</subfield></datafield><datafield ind1=' ' ind2='7' tag='655'><subfield code='a'>Political fiction</subfield><subfield code='2'>lcgft</subfield></datafield><datafield ind1=' ' ind2='7' tag='655'><subfield code='a'>Thrillers (Fiction)</subfield><subfield code='2'>lcgft</subfield></datafield><datafield ind1='1' ind2=' ' tag='583'><subfield code='a'>committed to retain</subfield><subfield code='c'>20181001</subfield><subfield code='d'>in perpetuity</subfield><subfield code='f'>ReCAP Shared Collection</subfield><subfield code='5'>HUL</subfield><subfield code='8'>222151397970003941</subfield></datafield><datafield ind1='0' ind2=' ' tag='852'><subfield code='c'>HD</subfield><subfield code='h'>PS3601.H573</subfield><subfield code='i'>C37 2013</subfield><subfield code='0'>11335680</subfield><subfield code='b'>scsbhl</subfield></datafield><datafield ind1=' ' ind2=' ' tag='876'><subfield code='0'>11335680</subfield><subfield code='a'>17069528</subfield><subfield code='h'> </subfield><subfield code='j'>Available</subfield><subfield code='k'>WID</subfield><subfield code='p'>32044120143458</subfield><subfield code='x'>Shared</subfield><subfield code='z'>HW</subfield><subfield code='l'>HD</subfield></datafield></record>