
<record><leader>00000cam  22004094a 4500</leader><controlfield tag='001'>SCSB-7834179</controlfield><controlfield tag='003'>OCoLC</controlfield><controlfield tag='005'>20010802092056.0</controlfield><controlfield tag='008'>010524m20009999gw a     b    001 0 eng  cam4a </controlfield><controlfield tag='009'>.b149386692</controlfield><datafield ind1='1' ind2=' ' tag='100'><subfield code='a'>Valéry, Paul,</subfield><subfield code='d'>1871-1945.</subfield></datafield><datafield ind1='1' ind2=' ' tag='700'><subfield code='a'>Gifford, Paul.</subfield></datafield><datafield ind1='1' ind2=' ' tag='700'><subfield code='a'>Stimpson, Brian,</subfield><subfield code='d'>1944-</subfield></datafield><datafield ind1='1' ind2=' ' tag='700'><subfield code='a'>Pickering, Robert.</subfield></datafield><datafield ind1='1' ind2=' ' tag='700'><subfield code='a'>Robinson-Valéry, Judith.</subfield></datafield><datafield ind1='1' ind2='0' tag='600'><subfield code='a'>Valéry, Paul,</subfield><subfield code='d'>1871-1945</subfield><subfield code='v'>Notebooks, sketchbooks, etc.</subfield></datafield><datafield ind1=' ' ind2=' ' tag='020'><subfield code='a'>3631348819</subfield></datafield><datafield ind1=' ' ind2=' ' tag='020'><subfield code='a'>0820443344 (US)</subfield></datafield><datafield ind1=' ' ind2=' ' tag='020'><subfield code='a'>9783731367643 (v. 3)</subfield></datafield><datafield ind1=' ' ind2=' ' tag='020'><subfield code='a'>9783631348802 (v. 1-5)</subfield></datafield><datafield ind1=' ' ind2=' ' tag='010'><subfield code='a'>2001038074</subfield></datafield><datafield ind1=' ' ind2=' ' tag='504'><subfield code='a'>Includes bibliographical references and indexes.</subfield></datafield><datafield ind1=' ' ind2=' ' tag='260'><subfield code='a'>Frankfurt am Main ;</subfield><subfield code='a'>New York :</subfield><subfield code='b'>P. Lang,</subfield><subfield code='c'>c2000-</subfield></datafield><datafield ind1=' ' ind2=' ' tag='300'><subfield code='a'>v. :</subfield><subfield code='b'>ill. (some col.) ;</subfield><subfield code='c'>24 cm.</subfield></datafield><datafield ind1='1' ind2='0' tag='245'><subfield code='a'>Cahiers =</subfield><subfield code='b'>Notebooks /</subfield><subfield code='c'>Paul Valéry ; translated by Paul Gifford ... [et al.] ; [editor in chief, Brian Stimpson ; associate editors, Paul Gifford, Robert Pickering ; based on the French Cahiers edited by Judith Robinson-Valéry].</subfield></datafield><datafield ind1='3' ind2='1' tag='246'><subfield code='a'>Notebooks</subfield></datafield><datafield ind1=' ' ind2=' ' tag='040'><subfield code='a'>DLC</subfield><subfield code='c'>DLC</subfield><subfield code='d'>C#P</subfield><subfield code='d'>NYP</subfield><subfield code='d'>WaOLN</subfield></datafield><datafield ind1='1' ind2=' ' tag='041'><subfield code='a'>eng</subfield><subfield code='h'>fre</subfield></datafield><datafield ind1=' ' ind2=' ' tag='042'><subfield code='a'>pcc</subfield></datafield><datafield ind1=' ' ind2=' ' tag='049'><subfield code='a'>NYPG</subfield></datafield><datafield ind1='0' ind2='0' tag='050'><subfield code='a'>PQ2643.A26</subfield><subfield code='b'>C3513 2000</subfield></datafield><datafield ind1='0' ind2='0' tag='082'><subfield code='a'>848/.91203</subfield><subfield code='2'>21</subfield></datafield><datafield ind1='0' ind2='0' tag='908'><subfield code='a'>PQ2643.A26</subfield><subfield code='b'>C3513 2000</subfield></datafield><datafield ind1=' ' ind2=' ' tag='946'><subfield code='a'>m</subfield></datafield><datafield ind1=' ' ind2=' ' tag='997'><subfield code='a'>hg</subfield><subfield code='b'>08-02-01</subfield><subfield code='c'>m</subfield><subfield code='d'>a</subfield><subfield code='e'>-</subfield><subfield code='f'>eng</subfield><subfield code='g'>gw</subfield><subfield code='h'>0</subfield></datafield><datafield ind1=' ' ind2=' ' tag='910'><subfield code='a'>RL</subfield></datafield><datafield ind1='0' ind2='0' tag='907'><subfield code='a'>.b149386692</subfield></datafield><datafield ind1=' ' ind2=' ' tag='035'><subfield code='a'>(OCoLC)47049895</subfield></datafield><datafield ind1='8' ind2=' ' tag='852'><subfield code='h'>JFL 01-400 v. 5</subfield><subfield code='0'>7972626</subfield><subfield code='b'>scsbnypl</subfield></datafield><datafield ind1=' ' ind2=' ' tag='866'><subfield code='a'>v. 5</subfield><subfield code='0'>7972626</subfield></datafield><datafield ind1=' ' ind2=' ' tag='876'><subfield code='0'>7972626</subfield><subfield code='3'>v. 5</subfield><subfield code='a'>13061578</subfield><subfield code='j'>Available</subfield><subfield code='p'>33433087143651</subfield><subfield code='t'>1</subfield><subfield code='x'>Shared</subfield><subfield code='z'>NA</subfield><subfield code='l'>RECAP</subfield></datafield><datafield ind1=' ' ind2=' ' tag='876'><subfield code='0'>7972626</subfield><subfield code='3'>v. 4</subfield><subfield code='a'>13061579</subfield><subfield code='h'>In Library Use</subfield><subfield code='j'>Available</subfield><subfield code='p'>33433087148262</subfield><subfield code='t'>1</subfield><subfield code='x'>Shared</subfield><subfield code='z'>NA</subfield><subfield code='l'>RECAP</subfield></datafield></record>