
<record><leader>00000cam  2200277I  4500</leader><controlfield tag='001'>SCSB-7181229</controlfield><controlfield tag='003'>OCoLC</controlfield><controlfield tag='005'>20020430143805.0</controlfield><controlfield tag='008'>750213s1957    fr            000 0 fre ccamI  </controlfield><controlfield tag='009'>.b153926855</controlfield><datafield ind1='1' ind2=' ' tag='100'><subfield code='a'>Valéry, Paul,</subfield><subfield code='d'>1871-1945.</subfield></datafield><datafield ind1='2' ind2=' ' tag='710'><subfield code='a'>Centre national de la recherche scientifique (France)</subfield></datafield><datafield ind1=' ' ind2='4' tag='650'><subfield code='a'>Manuscripts, French</subfield><subfield code='v'>Facsimiles.</subfield></datafield><datafield ind1=' ' ind2=' ' tag='010'><subfield code='a'>a  57004374</subfield></datafield><datafield ind1=' ' ind2=' ' tag='500'><subfield code='a'>Facsimile reproduction of manuscript.</subfield></datafield><datafield ind1=' ' ind2=' ' tag='500'><subfield code='a'>Preface by Louis de Broglie.</subfield></datafield><datafield ind1='0' ind2=' ' tag='505'><subfield code='a'>t. 1. 1894-1900.--t. 2. 1900-1902.--t3. 1903-1906.--t. 4. 1906-1913.--t. 5. 1913-1916.--t. 6. 1916-1918.--t. 7. 1918-1921.--t. 8. 1921-1922.--t. 9. 1922-1924.--t. 10. 1924-1925.--t. 11. 1925-1926.--t. 12. 1926-1928.--t. 13. 1928-1929.--t. 14. 1929-1931.--t. 15. 1931-1932.--t. 16. 1932-1933.--t. 17. 1933-1935.--t. 18. 1935-1936.--t. 19. 1936-1937.--t. 20. 1937-1938.--t. 21. 1938-1939.--t. 22. 1939-1940.--t. 23. 1940.--t. 24. 1940-1941.--t. 25. 1941-1942.--t. 26. 1942-1943.--t. 27. 1943.--t. 28. 1943-1944.--t. 29. 1944-1945.</subfield></datafield><datafield ind1=' ' ind2=' ' tag='260'><subfield code='a'>[Paris :</subfield><subfield code='b'>Centre national de la recherche scientifique,</subfield><subfield code='c'>1957-</subfield></datafield><datafield ind1=' ' ind2=' ' tag='300'><subfield code='a'>v.</subfield><subfield code='b'>illus.</subfield><subfield code='c'>28 cm.</subfield></datafield><datafield ind1='1' ind2='0' tag='245'><subfield code='a'>Cahiers.</subfield></datafield><datafield ind1=' ' ind2=' ' tag='040'><subfield code='a'>OUN</subfield><subfield code='c'>OUN</subfield><subfield code='d'>OCL</subfield><subfield code='d'>NYP</subfield><subfield code='d'>OCoLC</subfield></datafield><datafield ind1=' ' ind2=' ' tag='049'><subfield code='a'>NYPG</subfield></datafield><datafield ind1=' ' ind2=' ' tag='946'><subfield code='a'>r</subfield></datafield><datafield ind1=' ' ind2=' ' tag='997'><subfield code='a'>hg</subfield><subfield code='b'>05-01-02</subfield><subfield code='c'>m</subfield><subfield code='d'>a</subfield><subfield code='e'>-</subfield><subfield code='f'>fre</subfield><subfield code='g'>fr</subfield><subfield code='h'>0</subfield></datafield><datafield ind1=' ' ind2=' ' tag='910'><subfield code='a'>RL</subfield></datafield><datafield ind1='0' ind2='0' tag='907'><subfield code='a'>.b153926855</subfield></datafield><datafield ind1=' ' ind2=' ' tag='035'><subfield code='a'>(OCoLC)1172012</subfield></datafield><datafield ind1='8' ind2=' ' tag='852'><subfield code='h'>M-10 1930 T. 11</subfield><subfield code='0'>7275953</subfield><subfield code='b'>scsbnypl</subfield></datafield><datafield ind1=' ' ind2=' ' tag='866'><subfield code='a'>T. 11</subfield><subfield code='0'>7275953</subfield></datafield><datafield ind1=' ' ind2=' ' tag='876'><subfield code='0'>7275953</subfield><subfield code='3'>T. 1</subfield><subfield code='a'>11874596</subfield><subfield code='j'>Available</subfield><subfield code='p'>33433011855198</subfield><subfield code='t'>1</subfield><subfield code='x'>Shared</subfield><subfield code='z'>NA</subfield><subfield code='l'>RECAP</subfield></datafield><datafield ind1=' ' ind2=' ' tag='876'><subfield code='0'>7275953</subfield><subfield code='3'>T. 2</subfield><subfield code='a'>11874597</subfield><subfield code='j'>Available</subfield><subfield code='p'>33433011855206</subfield><subfield code='t'>1</subfield><subfield code='x'>Shared</subfield><subfield code='z'>NA</subfield><subfield code='l'>RECAP</subfield></datafield><datafield ind1=' ' ind2=' ' tag='876'><subfield code='0'>7275953</subfield><subfield code='3'>T. 3</subfield><subfield code='a'>11874598</subfield><subfield code='j'>Available</subfield><subfield code='p'>33433011855214</subfield><subfield code='t'>1</subfield><subfield code='x'>Shared</subfield><subfield code='z'>NA</subfield><subfield code='l'>RECAP</subfield></datafield><datafield ind1=' ' ind2=' ' tag='876'><subfield code='0'>7275953</subfield><subfield code='3'>T. 4</subfield><subfield code='a'>11874599</subfield><subfield code='j'>Available</subfield><subfield code='p'>33433011855222</subfield><subfield code='t'>1</subfield><subfield code='x'>Shared</subfield><subfield code='z'>NA</subfield><subfield code='l'>RECAP</subfield></datafield><datafield ind1=' ' ind2=' ' tag='876'><subfield code='0'>7275953</subfield><subfield code='3'>T. 5</subfield><subfield code='a'>11874600</subfield><subfield code='j'>Available</subfield><subfield code='p'>33433011855230</subfield><subfield code='t'>1</subfield><subfield code='x'>Shared</subfield><subfield code='z'>NA</subfield><subfield code='l'>RECAP</subfield></datafield><datafield ind1=' ' ind2=' ' tag='876'><subfield code='0'>7275953</subfield><subfield code='3'>T. 6 1913-16</subfield><subfield code='a'>11874601</subfield><subfield code='j'>Available</subfield><subfield code='p'>33433011855248</subfield><subfield code='t'>1</subfield><subfield code='x'>Shared</subfield><subfield code='z'>NA</subfield><subfield code='l'>RECAP</subfield></datafield><datafield ind1=' ' ind2=' ' tag='876'><subfield code='0'>7275953</subfield><subfield code='3'>T. 7</subfield><subfield code='a'>11874602</subfield><subfield code='j'>Available</subfield><subfield code='p'>33433011855255</subfield><subfield code='t'>1</subfield><subfield code='x'>Shared</subfield><subfield code='z'>NA</subfield><subfield code='l'>RECAP</subfield></datafield><datafield ind1=' ' ind2=' ' tag='876'><subfield code='0'>7275953</subfield><subfield code='3'>T. 8</subfield><subfield code='a'>11874603</subfield><subfield code='j'>Available</subfield><subfield code='p'>33433011855263</subfield><subfield code='t'>1</subfield><subfield code='x'>Shared</subfield><subfield code='z'>NA</subfield><subfield code='l'>RECAP</subfield></datafield><datafield ind1=' ' ind2=' ' tag='876'><subfield code='0'>7275953</subfield><subfield code='3'>T. 9</subfield><subfield code='a'>11874604</subfield><subfield code='j'>Available</subfield><subfield code='p'>33433011855271</subfield><subfield code='t'>1</subfield><subfield code='x'>Shared</subfield><subfield code='z'>NA</subfield><subfield code='l'>RECAP</subfield></datafield><datafield ind1=' ' ind2=' ' tag='876'><subfield code='0'>7275953</subfield><subfield code='3'>T. 10</subfield><subfield code='a'>11874605</subfield><subfield code='j'>Available</subfield><subfield code='p'>33433011855289</subfield><subfield code='t'>1</subfield><subfield code='x'>Shared</subfield><subfield code='z'>NA</subfield><subfield code='l'>RECAP</subfield></datafield><datafield ind1=' ' ind2=' ' tag='876'><subfield code='0'>7275953</subfield><subfield code='3'>T. 11</subfield><subfield code='a'>11874606</subfield><subfield code='j'>Available</subfield><subfield code='p'>33433011855297</subfield><subfield code='t'>1</subfield><subfield code='x'>Shared</subfield><subfield code='z'>NA</subfield><subfield code='l'>RECAP</subfield></datafield><datafield ind1=' ' ind2=' ' tag='876'><subfield code='0'>7275953</subfield><subfield code='3'>T. 12</subfield><subfield code='a'>11874607</subfield><subfield code='j'>Available</subfield><subfield code='p'>33433011855305</subfield><subfield code='t'>1</subfield><subfield code='x'>Shared</subfield><subfield code='z'>NA</subfield><subfield code='l'>RECAP</subfield></datafield><datafield ind1=' ' ind2=' ' tag='876'><subfield code='0'>7275953</subfield><subfield code='3'>T. 13 1926-1928</subfield><subfield code='a'>11874608</subfield><subfield code='j'>Available</subfield><subfield code='p'>33433011855313</subfield><subfield code='t'>1</subfield><subfield code='x'>Shared</subfield><subfield code='z'>NA</subfield><subfield code='l'>RECAP</subfield></datafield><datafield ind1=' ' ind2=' ' tag='876'><subfield code='0'>7275953</subfield><subfield code='3'>T. 14 1928-29</subfield><subfield code='a'>11874609</subfield><subfield code='j'>Available</subfield><subfield code='p'>33433011855321</subfield><subfield code='t'>1</subfield><subfield code='x'>Shared</subfield><subfield code='z'>NA</subfield><subfield code='l'>RECAP</subfield></datafield><datafield ind1=' ' ind2=' ' tag='876'><subfield code='0'>7275953</subfield><subfield code='3'>T. 15 1924-31</subfield><subfield code='a'>11874610</subfield><subfield code='j'>Available</subfield><subfield code='p'>33433011855339</subfield><subfield code='t'>1</subfield><subfield code='x'>Shared</subfield><subfield code='z'>NA</subfield><subfield code='l'>RECAP</subfield></datafield><datafield ind1=' ' ind2=' ' tag='876'><subfield code='0'>7275953</subfield><subfield code='3'>T. 16 1932-33</subfield><subfield code='a'>11874611</subfield><subfield code='j'>Available</subfield><subfield code='p'>33433011855347</subfield><subfield code='t'>1</subfield><subfield code='x'>Shared</subfield><subfield code='z'>NA</subfield><subfield code='l'>RECAP</subfield></datafield><datafield ind1=' ' ind2=' ' tag='876'><subfield code='0'>7275953</subfield><subfield code='3'>T. 17 1933-35</subfield><subfield code='a'>11874612</subfield><subfield code='j'>Available</subfield><subfield code='p'>33433011855354</subfield><subfield code='t'>1</subfield><subfield code='x'>Shared</subfield><subfield code='z'>NA</subfield><subfield code='l'>RECAP</subfield></datafield><datafield ind1=' ' ind2=' ' tag='876'><subfield code='0'>7275953</subfield><subfield code='3'>T. 18 1935-36</subfield><subfield code='a'>11874613</subfield><subfield code='j'>Available</subfield><subfield code='p'>33433011855362</subfield><subfield code='t'>1</subfield><subfield code='x'>Shared</subfield><subfield code='z'>NA</subfield><subfield code='l'>RECAP</subfield></datafield><datafield ind1=' ' ind2=' ' tag='876'><subfield code='0'>7275953</subfield><subfield code='3'>T. 19 1936-37</subfield><subfield code='a'>11874614</subfield><subfield code='j'>Available</subfield><subfield code='p'>33433011855370</subfield><subfield code='t'>1</subfield><subfield code='x'>Shared</subfield><subfield code='z'>NA</subfield><subfield code='l'>RECAP</subfield></datafield><datafield ind1=' ' ind2=' ' tag='876'><subfield code='0'>7275953</subfield><subfield code='3'>T. 20</subfield><subfield code='a'>11874615</subfield><subfield code='j'>Available</subfield><subfield code='p'>33433011855388</subfield><subfield code='t'>1</subfield><subfield code='x'>Shared</subfield><subfield code='z'>NA</subfield><subfield code='l'>RECAP</subfield></datafield><datafield ind1=' ' ind2=' ' tag='876'><subfield code='0'>7275953</subfield><subfield code='3'>T. 21</subfield><subfield code='a'>11874616</subfield><subfield code='j'>Available</subfield><subfield code='p'>33433011855396</subfield><subfield code='t'>1</subfield><subfield code='x'>Shared</subfield><subfield code='z'>NA</subfield><subfield code='l'>RECAP</subfield></datafield><datafield ind1=' ' ind2=' ' tag='876'><subfield code='0'>7275953</subfield><subfield code='3'>T. 22</subfield><subfield code='a'>11874617</subfield><subfield code='j'>Available</subfield><subfield code='p'>33433011855404</subfield><subfield code='t'>1</subfield><subfield code='x'>Shared</subfield><subfield code='z'>NA</subfield><subfield code='l'>RECAP</subfield></datafield><datafield ind1=' ' ind2=' ' tag='876'><subfield code='0'>7275953</subfield><subfield code='3'>T. 23 1940</subfield><subfield code='a'>11874618</subfield><subfield code='j'>Available</subfield><subfield code='p'>33433011855412</subfield><subfield code='t'>1</subfield><subfield code='x'>Shared</subfield><subfield code='z'>NA</subfield><subfield code='l'>RECAP</subfield></datafield><datafield ind1=' ' ind2=' ' tag='876'><subfield code='0'>7275953</subfield><subfield code='3'>T. 24</subfield><subfield code='a'>11874619</subfield><subfield code='j'>Available</subfield><subfield code='p'>33433011855420</subfield><subfield code='t'>1</subfield><subfield code='x'>Shared</subfield><subfield code='z'>NA</subfield><subfield code='l'>RECAP</subfield></datafield><datafield ind1=' ' ind2=' ' tag='876'><subfield code='0'>7275953</subfield><subfield code='3'>T. 25</subfield><subfield code='a'>11874620</subfield><subfield code='j'>Available</subfield><subfield code='p'>33433011855438</subfield><subfield code='t'>1</subfield><subfield code='x'>Shared</subfield><subfield code='z'>NA</subfield><subfield code='l'>RECAP</subfield></datafield><datafield ind1=' ' ind2=' ' tag='876'><subfield code='0'>7275953</subfield><subfield code='3'>T. 26</subfield><subfield code='a'>11874621</subfield><subfield code='j'>Available</subfield><subfield code='p'>33433011855446</subfield><subfield code='t'>1</subfield><subfield code='x'>Shared</subfield><subfield code='z'>NA</subfield><subfield code='l'>RECAP</subfield></datafield><datafield ind1=' ' ind2=' ' tag='876'><subfield code='0'>7275953</subfield><subfield code='3'>T. 27</subfield><subfield code='a'>11874622</subfield><subfield code='j'>Available</subfield><subfield code='p'>33433011855453</subfield><subfield code='t'>1</subfield><subfield code='x'>Shared</subfield><subfield code='z'>NA</subfield><subfield code='l'>RECAP</subfield></datafield><datafield ind1=' ' ind2=' ' tag='876'><subfield code='0'>7275953</subfield><subfield code='3'>T. 28</subfield><subfield code='a'>11874623</subfield><subfield code='j'>Available</subfield><subfield code='p'>33433011855461</subfield><subfield code='t'>1</subfield><subfield code='x'>Shared</subfield><subfield code='z'>NA</subfield><subfield code='l'>RECAP</subfield></datafield><datafield ind1=' ' ind2=' ' tag='876'><subfield code='0'>7275953</subfield><subfield code='3'>T. 29</subfield><subfield code='a'>11874624</subfield><subfield code='j'>Available</subfield><subfield code='p'>33433011855479</subfield><subfield code='t'>1</subfield><subfield code='x'>Shared</subfield><subfield code='z'>NA</subfield><subfield code='l'>RECAP</subfield></datafield></record>