
<record><leader>00805cam a2200241   4500</leader><controlfield tag='001'>SCSB-7226852</controlfield><controlfield tag='005'>20000629170348.0</controlfield><controlfield tag='008'>740626s1973    fr            00| 0|fre|d</controlfield><controlfield tag='009'>.b101621693</controlfield><datafield ind1=' ' ind2=' ' tag='040'><subfield code='a'>NN</subfield><subfield code='c'>NN</subfield><subfield code='d'>WaOLN</subfield></datafield><datafield ind1='1' ind2=' ' tag='100'><subfield code='a'>Sainte-Beuve, Charles Augustin,</subfield><subfield code='d'>1804-1869.</subfield></datafield><datafield ind1='1' ind2='0' tag='245'><subfield code='a'>Cahiers.</subfield><subfield code='b'>Texte établi, présenté et annoté par Raphaël Molho.</subfield></datafield><datafield ind1=' ' ind2=' ' tag='260'><subfield code='a'>[Paris]</subfield><subfield code='b'>Gallimard</subfield><subfield code='c'>[1973]</subfield></datafield><datafield ind1=' ' ind2=' ' tag='300'><subfield code='a'>1 v.</subfield><subfield code='c'>23 cm.</subfield></datafield><datafield ind1=' ' ind2=' ' tag='504'><subfield code='a'>Includes bibliographical references.</subfield></datafield><datafield ind1='0' ind2=' ' tag='505'><subfield code='a'>- 1. Le cahier vert (1834-1847)</subfield></datafield><datafield ind1='1' ind2=' ' tag='700'><subfield code='a'>Molho, Raphaël.</subfield></datafield><datafield ind1=' ' ind2=' ' tag='907'><subfield code='a'>.b101621693</subfield><subfield code='c'>m</subfield><subfield code='d'>a</subfield><subfield code='e'>-</subfield><subfield code='f'>fre</subfield><subfield code='g'>fr</subfield><subfield code='h'>0</subfield><subfield code='i'>1</subfield></datafield><datafield ind1=' ' ind2=' ' tag='991'><subfield code='y'>868354</subfield></datafield><datafield ind1=' ' ind2=' ' tag='035'><subfield code='a'>(OCoLC)868354</subfield></datafield><datafield ind1='8' ind2=' ' tag='852'><subfield code='h'>JFL 74-286</subfield><subfield code='0'>7322368</subfield><subfield code='b'>scsbnypl</subfield></datafield><datafield ind1=' ' ind2=' ' tag='876'><subfield code='0'>7322368</subfield><subfield code='a'>11948287</subfield><subfield code='j'>Available</subfield><subfield code='p'>33433005318179</subfield><subfield code='t'>1</subfield><subfield code='x'>Shared</subfield><subfield code='z'>NA</subfield><subfield code='l'>RECAP</subfield></datafield></record>