
<record><leader>01324nam a2200325I  4500</leader><controlfield tag='001'>SCSB-10119371</controlfield><controlfield tag='005'>20020606093309.7</controlfield><controlfield tag='008'>930706r19391937nju           000 0 eng c</controlfield><controlfield tag='009'>990031868910203941</controlfield><datafield ind1=' ' ind2=' ' tag='010'><subfield code='a'>^^^40009495^</subfield></datafield><datafield ind1=' ' ind2=' ' tag='035'><subfield code='a'>(OCoLC)34082883</subfield></datafield><datafield ind1=' ' ind2=' ' tag='040'><subfield code='a'>Princeton Univ. Libr.</subfield><subfield code='c'>MCS</subfield></datafield><datafield ind1=' ' ind2=' ' tag='043'><subfield code='a'>n-us-wy</subfield></datafield><datafield ind1='0' ind2=' ' tag='050'><subfield code='a'>QE182.S75</subfield><subfield code='b'>P3 1936</subfield></datafield><datafield ind1=' ' ind2=' ' tag='082'><subfield code='a'>557.87</subfield></datafield><datafield ind1='1' ind2=' ' tag='100'><subfield code='a'>Parsons, Willard Hall,</subfield><subfield code='d'>1911-</subfield></datafield><datafield ind1='1' ind2='0' tag='245'><subfield code='a'>Geology of the Sunlight area, Wyoming.</subfield><subfield code='n'>Part I.</subfield><subfield code='p'>Volcanic centers of the Sunlight area.</subfield><subfield code='n'>Part II.</subfield><subfield code='p'>The ore deposits of the Sunlight mining region.</subfield><subfield code='n'>Part III.</subfield><subfield code='p'>Glacial geology of the Sunlight area ...</subfield><subfield code='c'>By Willard H. Parsons ...</subfield></datafield><datafield ind1='3' ind2=' ' tag='246'><subfield code='a'>Sunlight area, Wyoming.</subfield></datafield><datafield ind1='3' ind2='0' tag='246'><subfield code='a'>Sunlight area, Wyoming</subfield></datafield><datafield ind1=' ' ind2=' ' tag='260'><subfield code='a'>[Princeton? N.J.]</subfield><subfield code='c'>1939.</subfield></datafield><datafield ind1=' ' ind2=' ' tag='300'><subfield code='a'>26, 832-854, 737-747 p.</subfield><subfield code='b'>illus. (incl. maps)</subfield><subfield code='c'>24 cm.</subfield></datafield><datafield ind1=' ' ind2=' ' tag='500'><subfield code='a'>Cover-title.</subfield></datafield><datafield ind1=' ' ind2=' ' tag='500'><subfield code='a'>&quot;Part I and III reprinted from the Journal of geology, 1939; part II reprinted from Economic geology, 1937.&quot;</subfield></datafield><datafield ind1=' ' ind2=' ' tag='502'><subfield code='a'>Thesis (PH. D.)--Princeton university, 1936.</subfield></datafield><datafield ind1=' ' ind2=' ' tag='504'><subfield code='a'>Bibliographical foot-notes.</subfield></datafield><datafield ind1='0' ind2='0' tag='505'><subfield code='g'>Part I</subfield><subfield code='t'>Volcanic centers of the Sunlight area.</subfield></datafield><datafield ind1='0' ind2='0' tag='505'><subfield code='g'>Part II</subfield><subfield code='t'>The ore deposits of the Sunlight mining region.</subfield></datafield><datafield ind1='0' ind2='0' tag='505'><subfield code='g'>Part III</subfield><subfield code='t'>Glacial geology of the Sunlight area.</subfield></datafield><datafield ind1=' ' ind2='0' tag='650'><subfield code='a'>Geology</subfield><subfield code='z'>Wyoming</subfield><subfield code='z'>Park County.</subfield></datafield><datafield ind1=' ' ind2='0' tag='650'><subfield code='a'>Volcanic ash, tuff, etc.</subfield></datafield><datafield ind1=' ' ind2='0' tag='650'><subfield code='a'>Ore deposits</subfield><subfield code='z'>Wyoming</subfield><subfield code='z'>Park County.</subfield></datafield><datafield ind1=' ' ind2='9' tag='690'><subfield code='a'>Rocks, Igneous</subfield><subfield code='z'>Wyoming.</subfield><subfield code='5'>geo</subfield></datafield><datafield ind1=' ' ind2='9' tag='690'><subfield code='a'>Glacial geology</subfield><subfield code='z'>Wyoming.</subfield><subfield code='5'>geo</subfield></datafield><datafield ind1=' ' ind2='0' tag='650'><subfield code='a'>Igneous rocks</subfield></datafield><datafield ind1=' ' ind2='0' tag='650'><subfield code='a'>Glacial epoch</subfield></datafield><datafield ind1=' ' ind2='2' tag='655'><subfield code='a'>Academic Dissertation</subfield></datafield><datafield ind1=' ' ind2='7' tag='655'><subfield code='a'>Academic theses</subfield><subfield code='2'>fast</subfield><subfield code='0'>(OCoLC)fst01726453</subfield></datafield><datafield ind1=' ' ind2='7' tag='655'><subfield code='a'>Academic theses</subfield><subfield code='2'>lcgft</subfield></datafield><datafield ind1=' ' ind2='7' tag='655'><subfield code='a'>Thèses et écrits académiques.</subfield><subfield code='2'>rvmgf</subfield></datafield><datafield ind1='1' ind2=' ' tag='583'><subfield code='a'>committed to retain</subfield><subfield code='c'>20181001</subfield><subfield code='d'>in perpetuity</subfield><subfield code='f'>ReCAP Shared Collection</subfield><subfield code='5'>HUL</subfield><subfield code='8'>221867828440003941</subfield></datafield><datafield ind1=' ' ind2=' ' tag='901'><subfield code='a'>848ac38a-04b5-4ca2-8bd5-67176f63c8a8</subfield><subfield code='b'>9</subfield><subfield code='c'>false</subfield></datafield><datafield ind1='0' ind2=' ' tag='852'><subfield code='c'>HD</subfield><subfield code='h'>QE182.S75 P3</subfield><subfield code='0'>10872559</subfield><subfield code='b'>scsbhl</subfield></datafield><datafield ind1=' ' ind2=' ' tag='876'><subfield code='0'>10872559</subfield><subfield code='a'>16577874</subfield><subfield code='h'> </subfield><subfield code='j'>Available</subfield><subfield code='k'>CAB</subfield><subfield code='p'>HS218T</subfield><subfield code='x'>Shared</subfield><subfield code='z'>HS</subfield><subfield code='l'>HD</subfield></datafield></record>