
<record><leader>02618cam a2200409 a 4500</leader><controlfield tag='001'>SCSB-15175626</controlfield><controlfield tag='005'>20250621120820.6</controlfield><controlfield tag='008'>130205t20132013mouab    b    001 0 eng c</controlfield><controlfield tag='009'>10532228</controlfield><datafield ind1=' ' ind2=' ' tag='010'><subfield code='a'>  2012048777</subfield></datafield><datafield ind1=' ' ind2=' ' tag='020'><subfield code='a'>9780878426003 (pbk. : alk. paper)</subfield></datafield><datafield ind1=' ' ind2=' ' tag='020'><subfield code='a'>0878426000 (pbk. : alk. paper)</subfield></datafield><datafield ind1=' ' ind2=' ' tag='024'><subfield code='a'>99955744463</subfield></datafield><datafield ind1=' ' ind2=' ' tag='035'><subfield code='a'>(OCoLC)827197400</subfield></datafield><datafield ind1=' ' ind2=' ' tag='035'><subfield code='a'>(NNC)10532228</subfield></datafield><datafield ind1=' ' ind2=' ' tag='035'><subfield code='a'>10532228</subfield></datafield><datafield ind1=' ' ind2=' ' tag='040'><subfield code='a'>PSt/DLC</subfield><subfield code='c'>UPM</subfield><subfield code='d'>DLC</subfield><subfield code='d'>OCLCO</subfield><subfield code='d'>MLY</subfield><subfield code='d'>YDXCP</subfield><subfield code='d'>BDX</subfield></datafield><datafield ind1=' ' ind2=' ' tag='042'><subfield code='a'>pcc</subfield></datafield><datafield ind1=' ' ind2=' ' tag='043'><subfield code='a'>n-us-nj</subfield></datafield><datafield ind1='0' ind2='0' tag='050'><subfield code='a'>QE141</subfield><subfield code='b'>.H37 2013</subfield></datafield><datafield ind1='0' ind2='0' tag='082'><subfield code='a'>557.49</subfield><subfield code='2'>23</subfield></datafield><datafield ind1='1' ind2=' ' tag='100'><subfield code='a'>Harper, David</subfield><subfield code='q'>(David Paul)</subfield><subfield code='0'>http://id.loc.gov/authorities/names/n86866006</subfield></datafield><datafield ind1='1' ind2='0' tag='245'><subfield code='a'>Roadside geology of New Jersey /</subfield><subfield code='c'>David P. Harper.</subfield></datafield><datafield ind1=' ' ind2=' ' tag='250'><subfield code='a'>1st ed.</subfield></datafield><datafield ind1=' ' ind2=' ' tag='260'><subfield code='a'>Missoula, Mont. :</subfield><subfield code='b'>Mountain Press Pub. Co.,</subfield><subfield code='c'>[2013], ©2013.</subfield></datafield><datafield ind1=' ' ind2=' ' tag='300'><subfield code='a'>v, 345 pages :</subfield><subfield code='b'>color illustrations, color maps ;</subfield><subfield code='c'>23 cm.</subfield></datafield><datafield ind1=' ' ind2=' ' tag='336'><subfield code='a'>text</subfield><subfield code='b'>txt</subfield><subfield code='2'>rdacontent</subfield></datafield><datafield ind1=' ' ind2=' ' tag='337'><subfield code='a'>unmediated</subfield><subfield code='b'>n</subfield><subfield code='2'>rdamedia</subfield></datafield><datafield ind1='1' ind2=' ' tag='490'><subfield code='a'>Roadside geology series</subfield></datafield><datafield ind1=' ' ind2=' ' tag='504'><subfield code='a'>Includes bibliographical references (p. 326-330) and index.</subfield></datafield><datafield ind1=' ' ind2=' ' tag='520'><subfield code='a'>&quot;From the glacially scoured quartzite ridge that hosts the Appalachian Trail to the spectacular columnar basalt of Orange Mountain, New Jersey packs a boatload of geology into a small area. Its nineteenth-century marl pits were the birthplace of American vertebrate paleontology, bog iron deposits in the Pinelands were used to produce cannonballs for the Revolutionary War, world-famous fluorescent minerals are found with zinc deposits in the Franklin Marble, and the coastal plain sediments contain convincing evidence of the meteorite impact that killed the dinosaurs. This absorbing book opens with an overview of the state&apos;s geologic history and proceeds with 13 road guides that unearth the stories behind the state&apos;s rocks, sediments, and barrier islands. More than just a guide, Roadside geology of New Jersey is chock full of insightful discussions on such timely topics as sea level rise, climate change, and uranium mining. Get the scoop on why so much sand moves during superstorms such as Hurricane Sandy, and learn about more than a century of efforts to stabilize the beaches along the Jersey Shore&quot;--Provided by publisher.</subfield></datafield><datafield ind1=' ' ind2='0' tag='650'><subfield code='a'>Geology</subfield><subfield code='z'>New Jersey</subfield><subfield code='v'>Guidebooks.</subfield></datafield><datafield ind1=' ' ind2='0' tag='651'><subfield code='a'>New Jersey</subfield><subfield code='v'>Guidebooks.</subfield><subfield code='0'>http://id.loc.gov/authorities/subjects/sh2008116308</subfield></datafield><datafield ind1=' ' ind2='0' tag='830'><subfield code='a'>Roadside geology series.</subfield><subfield code='0'>http://id.loc.gov/authorities/names/n42032574</subfield></datafield><datafield ind1='1' ind2=' ' tag='948'><subfield code='a'>20131218</subfield><subfield code='b'>c</subfield><subfield code='c'>jeb52</subfield><subfield code='d'>MPS</subfield></datafield><datafield ind1=' ' ind2=' ' tag='900'><subfield code='a'>AUTH</subfield></datafield><datafield ind1=' ' ind2=' ' tag='900'><subfield code='a'>MARS</subfield></datafield><datafield ind1='0' ind2='0' tag='852'><subfield code='0'>16265132</subfield><subfield code='h'>QE141</subfield><subfield code='i'>.H37 2013</subfield><subfield code='b'>scsbcul</subfield></datafield><datafield ind1=' ' ind2=' ' tag='876'><subfield code='0'>16265132</subfield><subfield code='a'>23000576</subfield><subfield code='j'>Not Available</subfield><subfield code='p'>CU28556607</subfield><subfield code='t'>0</subfield><subfield code='x'>Shared</subfield><subfield code='z'>CU</subfield><subfield code='l'>RECAP</subfield></datafield></record>