
<record><leader>01501nam a2200409 a 4500</leader><controlfield tag='001'>SCSB-2949356</controlfield><controlfield tag='003'>NNC</controlfield><controlfield tag='005'>20220601210520.0</controlfield><controlfield tag='008'>920117t19921992paua     b    001 0 eng  </controlfield><controlfield tag='009'>1091511</controlfield><datafield ind1=' ' ind2=' ' tag='010'><subfield code='a'>   92003408 </subfield></datafield><datafield ind1=' ' ind2=' ' tag='020'><subfield code='a'>0812231325</subfield></datafield><datafield ind1=' ' ind2=' ' tag='020'><subfield code='a'>0812213599 (pbk.)</subfield></datafield><datafield ind1=' ' ind2=' ' tag='035'><subfield code='a'>(OCoLC)25281544</subfield></datafield><datafield ind1=' ' ind2=' ' tag='035'><subfield code='a'>(OCoLC)ocm25281544</subfield></datafield><datafield ind1=' ' ind2=' ' tag='035'><subfield code='9'>AGD2091CU</subfield></datafield><datafield ind1=' ' ind2=' ' tag='035'><subfield code='a'>(NNC)1091511</subfield></datafield><datafield ind1=' ' ind2=' ' tag='035'><subfield code='a'>1091511</subfield></datafield><datafield ind1=' ' ind2=' ' tag='040'><subfield code='a'>DLC</subfield><subfield code='c'>DLC</subfield><subfield code='d'>NNC</subfield></datafield><datafield ind1=' ' ind2=' ' tag='043'><subfield code='a'>n-us-nj</subfield></datafield><datafield ind1='0' ind2='0' tag='050'><subfield code='a'>GR110.N5</subfield><subfield code='b'>H8 1992</subfield></datafield><datafield ind1='0' ind2='0' tag='082'><subfield code='a'>398/.369974442</subfield><subfield code='2'>20</subfield></datafield><datafield ind1='1' ind2=' ' tag='100'><subfield code='a'>Hufford, Mary,</subfield><subfield code='d'>1952-</subfield><subfield code='0'>http://id.loc.gov/authorities/names/n79075435</subfield></datafield><datafield ind1='1' ind2='0' tag='245'><subfield code='a'>Chaseworld :</subfield><subfield code='b'>foxhunting and storytelling in New Jersey&apos;s Pine Barrens /</subfield><subfield code='c'>Mary Hufford.</subfield></datafield><datafield ind1=' ' ind2=' ' tag='260'><subfield code='a'>Philadelphia :</subfield><subfield code='b'>University of Pennsylvania Press,</subfield><subfield code='c'>[1992], ©1992.</subfield></datafield><datafield ind1=' ' ind2=' ' tag='263'><subfield code='a'>9207</subfield></datafield><datafield ind1=' ' ind2=' ' tag='300'><subfield code='a'>xii, 219 pages :</subfield><subfield code='b'>illustrations ;</subfield><subfield code='c'>24 cm.</subfield></datafield><datafield ind1=' ' ind2=' ' tag='336'><subfield code='a'>text</subfield><subfield code='2'>rdacontent</subfield></datafield><datafield ind1=' ' ind2=' ' tag='337'><subfield code='a'>unmediated</subfield><subfield code='2'>rdamedia</subfield></datafield><datafield ind1=' ' ind2=' ' tag='338'><subfield code='a'>volume</subfield><subfield code='2'>rdacarrier</subfield></datafield><datafield ind1='1' ind2=' ' tag='490'><subfield code='a'>Publications of the American Folklore Society. New series ;</subfield><subfield code='v'>v.</subfield></datafield><datafield ind1=' ' ind2=' ' tag='504'><subfield code='a'>Includes bibliographical references (p. [211]-216) and index.</subfield></datafield><datafield ind1=' ' ind2='0' tag='650'><subfield code='a'>Fox hunting</subfield><subfield code='z'>New Jersey</subfield><subfield code='z'>Pine Barrens</subfield><subfield code='x'>Folklore.</subfield></datafield><datafield ind1=' ' ind2='0' tag='650'><subfield code='a'>Storytelling</subfield><subfield code='z'>New Jersey</subfield><subfield code='z'>Pine Barrens.</subfield></datafield><datafield ind1=' ' ind2='0' tag='650'><subfield code='a'>Folklore</subfield><subfield code='z'>New Jersey</subfield><subfield code='z'>Pine Barrens.</subfield></datafield><datafield ind1=' ' ind2='0' tag='651'><subfield code='a'>Pine Barrens (N.J.)</subfield><subfield code='x'>Social life and customs.</subfield></datafield><datafield ind1=' ' ind2='0' tag='830'><subfield code='a'>Publications of the American Folklore Society.</subfield><subfield code='p'>New series.</subfield><subfield code='0'>http://id.loc.gov/authorities/names/n42032210</subfield></datafield><datafield ind1=' ' ind2=' ' tag='901'><subfield code='a'>644a1a86-e161-4de3-a7eb-afea51e91554</subfield><subfield code='b'>29</subfield><subfield code='c'>false</subfield></datafield><datafield ind1='0' ind2='0' tag='852'><subfield code='h'>GR110.N5 H8 1992</subfield><subfield code='0'>2927898</subfield><subfield code='b'>scsbcul</subfield></datafield><datafield ind1=' ' ind2=' ' tag='876'><subfield code='0'>2927898</subfield><subfield code='a'>4572355</subfield><subfield code='h'> </subfield><subfield code='j'>Available</subfield><subfield code='p'>CU69039429</subfield><subfield code='t'>1</subfield><subfield code='x'>Open</subfield><subfield code='z'>CU</subfield><subfield code='l'>RECAP</subfield></datafield></record>