
<record><leader>00000cam  2200433 i 4500</leader><controlfield tag='001'>SCSB-13621422</controlfield><controlfield tag='003'>Fr-PaAMA</controlfield><controlfield tag='005'>20210622.0</controlfield><controlfield tag='008'>210622t20212021fr       b    000 0 fre dcam i </controlfield><controlfield tag='009'>.b225604759</controlfield><datafield ind1='1' ind2=' ' tag='100'><subfield code='a'>Buisson, Patrick,</subfield><subfield code='e'>author.</subfield></datafield><datafield ind1=' ' ind2='0' tag='650'><subfield code='a'>Social evolution</subfield><subfield code='z'>France.</subfield></datafield><datafield ind1=' ' ind2='0' tag='650'><subfield code='a'>Conservatism</subfield><subfield code='z'>France.</subfield></datafield><datafield ind1=' ' ind2='0' tag='650'><subfield code='a'>Conservatism</subfield><subfield code='x'>Religious aspects</subfield><subfield code='x'>Catholic Church.</subfield></datafield><datafield ind1=' ' ind2='0' tag='651'><subfield code='a'>France</subfield><subfield code='x'>Politics and government</subfield><subfield code='y'>1958-</subfield></datafield><datafield ind1=' ' ind2=' ' tag='020'><subfield code='a'>9782226435200</subfield><subfield code='q'>(paperback)</subfield><subfield code='c'>22,90 EUR</subfield></datafield><datafield ind1=' ' ind2=' ' tag='504'><subfield code='a'>Includes bibliographical references.</subfield></datafield><datafield ind1='0' ind2='0' tag='505'><subfield code='t'>Pour le tombeau du monde ancien --</subfield><subfield code='g'>Pt. 1.</subfield><subfield code='t'>Le grand déracinement --</subfield><subfield code='t'>Tous feux éteints --</subfield><subfield code='t'>La France du vider --</subfield><subfield code='t'>Une ethnologie de sauvetage --</subfield><subfield code='t'>McCormick, le nouveau maître --</subfield><subfield code='t'>Crédit et discrédit agricoles --</subfield><subfield code='t'>Gagner sa vie ou gagner de l&apos;argent? --</subfield><subfield code='t'>La dernière jacquerie --</subfield><subfield code='t'>De quelques aléas de la &quot;charité technicienne&quot; --</subfield><subfield code='t'>De la fin des paysans à la fin des paysages --</subfield><subfield code='t'>Jacquou le croqué --</subfield><subfield code='t'>La révolte de l&apos;artichaut --</subfield><subfield code='t'>Le syndrome du plouc --</subfield><subfield code='t'>Un ethnocide bienveillant --</subfield><subfield code='t'>La foire aux célibataires --</subfield><subfield code='t'>Les femmes, agents de la modernité --</subfield><subfield code='t'>Les jeunes, agents de la mobilité --</subfield><subfield code='t'>Acculturation ou déculturation ? --</subfield><subfield code='g'>Pt. 2.</subfield><subfield code='t'>Le krach de la foi --</subfield><subfield code='t'>Du catholicisme à la religion conciliaire --</subfield><subfield code='t'>Un concile politico-médiatique --</subfield><subfield code='t'>Droit à la liberté ou droit à l&apos;erreur ? --</subfield><subfield code='t'>Tous appelés, tous élus --</subfield><subfield code='t'>De la liberté de croire au risque de ne plus être cru --</subfield><subfield code='t'>Un humanisme descendant --</subfield><subfield code='t'>Le Credo pour les nuls. --</subfield><subfield code='t'>L&apos;avènement du Dieu Amour --</subfield><subfield code='t'>Liquidation du diable --</subfield><subfield code='t'>L&apos;instant du malheur --</subfield><subfield code='t'>La traque des dévotions privées --</subfield><subfield code='t'>Mieux vaut orthopraxie qu&apos;orthodoxie --</subfield><subfield code='t'>Paroles, paroles, paroles --</subfield><subfield code='t'>Sans le latin, la messe nous emmerde --</subfield><subfield code='t'>Autels du libre-service --</subfield><subfield code='t'>Une trivialisation du sacré --</subfield><subfield code='t'>Sorties de messe --</subfield><subfield code='t'>Le grand collapsus de l&apos;espérance chrétienne --</subfield><subfield code='t'>La trahison des clercs --</subfield><subfield code='t'>Le videur des séminaires --</subfield><subfield code='t'>Moins niais mieux --</subfield><subfield code='t'>Une conspiration contre la vie intérieure --</subfield><subfield code='t'>Génération défroquée --</subfield><subfield code='t'>Le marié était en noir --</subfield><subfield code='t'>Cherchez la femme --</subfield><subfield code='t'>En d&apos;indiscrètes noces --</subfield><subfield code='t'>Vous vous êtes rendus au monde --</subfield><subfield code='t'>La loi du milieu --</subfield><subfield code='t'>La calotte rouge : un nouvel augustinisme politique --</subfield><subfield code='t'>La divine surprise de mai --</subfield><subfield code='t'>Des hommes de bonne volonté de puissance --</subfield><subfield code='t'>L&apos;Église au risque de la démocratie --</subfield><subfield code='t'>Au temps des contre-Églises --</subfield><subfield code='t'>Le diable a-t-il siégé au concile ? --</subfield><subfield code='g'>Pt. 3.</subfield><subfield code='t'>Le sacré massacré --</subfield><subfield code='t'>Église des purs contre Église des pauvres --</subfield><subfield code='t'>Masse ou élite, il faut choisir --</subfield><subfield code='t'>Foi vs religion : le match revanche 9 --</subfield><subfield code='t'>Qui perd son Christ, perd son peuple --</subfield><subfield code='t'>Opération délestage --</subfield><subfield code='t'>Sacralité et socialité : le lien rompu --</subfield><subfield code='t'>&quot;Il ne suffit pas d&apos;entrer en religion pour sortir de sa classe&quot; --</subfield><subfield code='t'>Le néocléricalisme, machine à exclure les pauvres --</subfield><subfield code='t'>Une offre religieuse pour classes moyennes instruites --</subfield><subfield code='t'>Pas de pitié pour la piété populaire --</subfield><subfield code='t'>Une croisade contre le pagano-christianisme --</subfield><subfield code='t'>Le ciel à ras de terre --</subfield><subfield code='t'>La nuit de Philomène --</subfield><subfield code='t'>L&apos;herbe de la détourne --</subfield><subfield code='t'>Désinflation mariale --</subfield><subfield code='t'>Une frénésie iconoclaste --</subfield><subfield code='t'>Briseurs de statues et éteigneurs de cierges --</subfield><subfield code='t'>Un malthusianisme sacramentel --</subfield><subfield code='t'>Ni druide ni distributeur automatique --</subfield><subfield code='t'>Vers l&apos;impénitence collective --</subfield><subfield code='t'>Le péché, c&apos;est de ne pas croire au bonheur --</subfield><subfield code='t'>Ne laissez plus venir à moi les petits enfants --</subfield><subfield code='t'>Retouches à la photo de groupe --</subfield><subfield code='t'>Pieusement ou copieusement chrétien? --</subfield><subfield code='g'>Pt. 4.</subfield><subfield code='t'>Mort, voici ta victoire --</subfield><subfield code='t'>Nouvelles leçons des ténèbres --</subfield><subfield code='t'>Une société thanatophobe --</subfield><subfield code='t'>En son hôtel, Dieu n&apos;est pas maître --</subfield><subfield code='t'>Le funérarium ou l&apos;art de rentabiliser les temps morts --</subfield><subfield code='t'>Les yeux fermés --</subfield><subfield code='t'>Mais où sont les funérailles d&apos;antan ? --</subfield><subfield code='t'>Pornographie de la mort --</subfield><subfield code='t'>Ces (trop) chers disparus</subfield></datafield><datafield ind1='8' ind2='0' tag='505'><subfield code='t'>Du racket des larmes --</subfield><subfield code='t'>&quot;De nous, vous souvenez-vous 9&quot; --</subfield><subfield code='t'>La tentation du néant --</subfield><subfield code='t'>Des cendres ou descendre ? --</subfield><subfield code='t'>Tout feu, tout flamme --</subfield><subfield code='t'>Sens interdits --</subfield><subfield code='t'>Des immortalités d&apos;entrée de gamme --</subfield><subfield code='g'>Pt. 5.</subfield><subfield code='t'>Le meurtre du père --</subfield><subfield code='t'>Le crime était presque parfait --</subfield><subfield code='t'>Une révolte anti-autoritaire : &quot;Papa pue&quot; --</subfield><subfield code='t'>Un projet politique : tuer te Vieux --</subfield><subfield code='t'>Grimaud ou l&apos;art du nursing --</subfield><subfield code='t'>Une croisade idéologique : criminaliser le passé --</subfield><subfield code='t'>Fils de personne --</subfield><subfield code='t'>Notre père qui êtes odieux ou la fin du patriarcat --</subfield><subfield code='t'>Du père fouettard au père peinard --</subfield><subfield code='t'>Malheur aux barbus --</subfield><subfield code='t'>Une destitution biologique : la pilule --</subfield><subfield code='t'>Feu le pater familias --</subfield><subfield code='t'>La foi de Carbonnier --</subfield><subfield code='t'>&quot;T&apos;es plus dans le coup, papa&quot; --</subfield><subfield code='t'>Pères manquants, fils manqués --</subfield><subfield code='t'>Génération papa poule --</subfield><subfield code='t'>Une inégalité chasse l&apos;autre --</subfield><subfield code='t'>Déchéances de paternités --</subfield><subfield code='t'>Vers une société sans pères --</subfield><subfield code='t'>Les mésaventures de Peter Pan --</subfield><subfield code='g'>Pt. 6.</subfield><subfield code='t'>Et délivrez-nous du mâle --</subfield><subfield code='t'>Fatigues du surbouc --</subfield><subfield code='t'>De la bandaison à la débandade de l&apos;homme blanc --</subfield><subfield code='t'>Virilités dépréciées, virilités maudites --</subfield><subfield code='t'>À genoux les gonzesses, debout les hommes ! --</subfield><subfield code='t'>Dérélictions ouvrières --</subfield><subfield code='t'>Au crépuscule de la domination masculine --</subfield><subfield code='t'>Ni Dieu ni mec --</subfield><subfield code='t'>De l&apos;agit-prop au vagit-prop --</subfield><subfield code='t'>Lesbienne, lèse-mâle --</subfield><subfield code='t'>Éloge du con ou la sexualité sans mâle --</subfield><subfield code='t'>Et on tuera tous les affreux --</subfield><subfield code='t'>Viol de nuit, terre des hommes --</subfield><subfield code='t'>La fabrique de l&apos;homme mou --</subfield><subfield code='t'>Une répression culturelle : mixons ! mixons ! --</subfield><subfield code='t'>Sus au machisme : éduquons ! éduquons ! --</subfield><subfield code='t'>Cheveux longs, idées courtes? --</subfield><subfield code='t'>Anima et animus montent en bateau... --</subfield><subfield code='t'>&quot;Qui sème le vent, récolte la tapette&quot; --</subfield><subfield code='t'>L&apos;ultime baroud des phallocrates --</subfield><subfield code='t'>Déboires à la maison des hommes --</subfield><subfield code='t'>Conjuration contre la France bistrotière --</subfield><subfield code='t'>Mimer la guerre --</subfield><subfield code='t'>Poupou, champion de la France velue --</subfield><subfield code='t'>Au grand bonheur des remueurs de viande --</subfield><subfield code='t'>Graines de violence --</subfield><subfield code='t'>La rock-attitude ou l&apos;apogée du chauvinisme mâle --</subfield><subfield code='t'>Misogynie à part --</subfield><subfield code='t'>La loi des hommes.</subfield></datafield><datafield ind1=' ' ind2='1' tag='264'><subfield code='a'>Paris :</subfield><subfield code='b'>Albin Michel,</subfield><subfield code='c'>[2021]</subfield></datafield><datafield ind1=' ' ind2='4' tag='264'><subfield code='c'>2021</subfield></datafield><datafield ind1=' ' ind2=' ' tag='300'><subfield code='a'>522 pages ;</subfield><subfield code='c'>24 cm</subfield></datafield><datafield ind1=' ' ind2=' ' tag='336'><subfield code='a'>text</subfield><subfield code='b'>txt</subfield><subfield code='2'>rdacontent</subfield></datafield><datafield ind1=' ' ind2=' ' tag='337'><subfield code='a'>unmediated</subfield><subfield code='b'>n</subfield><subfield code='2'>rdamedia</subfield></datafield><datafield ind1=' ' ind2=' ' tag='338'><subfield code='a'>volume</subfield><subfield code='b'>nc</subfield><subfield code='2'>rdacarrier</subfield></datafield><datafield ind1='1' ind2='3' tag='245'><subfield code='a'>La fin d&apos;un monde :</subfield><subfield code='b'>une histoire de la révolution petite-bourgeoise /</subfield><subfield code='c'>Patrick Buisson.</subfield></datafield><datafield ind1=' ' ind2=' ' tag='040'><subfield code='a'>Fr-PaAMA</subfield><subfield code='b'>eng</subfield><subfield code='e'>rda</subfield></datafield><datafield ind1=' ' ind2=' ' tag='043'><subfield code='a'>e-fr---</subfield></datafield><datafield ind1=' ' ind2='4' tag='050'><subfield code='a'>DC415</subfield><subfield code='b'>.B85 2021</subfield></datafield><datafield ind1=' ' ind2='4' tag='908'><subfield code='a'>DC415</subfield><subfield code='b'>.B85 2021</subfield></datafield><datafield ind1=' ' ind2=' ' tag='901'><subfield code='a'>AUXAM</subfield></datafield><datafield ind1=' ' ind2=' ' tag='960'><subfield code='s'>3302</subfield><subfield code='t'>MAL</subfield><subfield code='u'>76044GEN</subfield></datafield><datafield ind1='0' ind2='0' tag='907'><subfield code='a'>.b225604759</subfield></datafield><datafield ind1=' ' ind2=' ' tag='035'><subfield code='a'>(OCoLC)1257290226</subfield></datafield><datafield ind1=' ' ind2=' ' tag='901'><subfield code='a'>091ef230-8fcb-41a5-96eb-981862d2a344</subfield><subfield code='b'>25</subfield><subfield code='c'>false</subfield></datafield><datafield ind1='8' ind2=' ' tag='852'><subfield code='h'>ReCAP 21-112762</subfield><subfield code='0'>14527074</subfield><subfield code='b'>scsbnypl</subfield></datafield><datafield ind1=' ' ind2=' ' tag='876'><subfield code='0'>14527074</subfield><subfield code='a'>20888210</subfield><subfield code='j'>Available</subfield><subfield code='p'>33433130440831</subfield><subfield code='t'>1</subfield><subfield code='x'>Open</subfield><subfield code='z'>NA</subfield><subfield code='l'>RECAP</subfield></datafield></record>