
<record><leader>00000cam a2200433Ii 4500</leader><controlfield tag='001'>SCSB-12859619</controlfield><controlfield tag='005'>20160408232046.0</controlfield><controlfield tag='008'>160330m20169999fr     g b    001 0 fre d</controlfield><controlfield tag='009'>990146564010203941</controlfield><datafield ind1=' ' ind2=' ' tag='020'><subfield code='a'>9782812445729 (pbk. : v. 1) :</subfield><subfield code='c'>49,00 EUR</subfield></datafield><datafield ind1=' ' ind2=' ' tag='035'><subfield code='a'>(OCoLC)952554244</subfield></datafield><datafield ind1=' ' ind2=' ' tag='040'><subfield code='a'>Fr-PaAMA</subfield><subfield code='b'>eng</subfield><subfield code='e'>rda</subfield></datafield><datafield ind1=' ' ind2=' ' tag='043'><subfield code='a'>e-fr---</subfield></datafield><datafield ind1='0' ind2='4' tag='050'><subfield code='a'>HD6477</subfield><subfield code='b'>.P682 2015</subfield></datafield><datafield ind1='1' ind2=' ' tag='100'><subfield code='a'>Pouget, Emile,</subfield><subfield code='d'>1860-1931.</subfield></datafield><datafield ind1='1' ind2='3' tag='245'><subfield code='a'>Le Père Peinard /</subfield><subfield code='c'>Émile Pouget ; édition critique par Denis Delaplace.</subfield></datafield><datafield ind1=' ' ind2='1' tag='264'><subfield code='a'>Paris :</subfield><subfield code='b'>Classiques Garnier,</subfield><subfield code='c'>2015-</subfield></datafield><datafield ind1=' ' ind2='4' tag='264'><subfield code='c'>copyright 2015-</subfield></datafield><datafield ind1=' ' ind2=' ' tag='300'><subfield code='a'>volumes ;</subfield><subfield code='c'>22 cm.</subfield></datafield><datafield ind1=' ' ind2=' ' tag='336'><subfield code='a'>text</subfield><subfield code='2'>rdacontent</subfield></datafield><datafield ind1=' ' ind2=' ' tag='337'><subfield code='a'>unmediated</subfield><subfield code='2'>rdamedia</subfield></datafield><datafield ind1=' ' ind2=' ' tag='338'><subfield code='a'>volume</subfield><subfield code='2'>rdacarrier</subfield></datafield><datafield ind1='1' ind2=' ' tag='490'><subfield code='a'>Classiques de l&apos;argot et du jargon</subfield><subfield code='v'>9</subfield></datafield><datafield ind1=' ' ind2=' ' tag='504'><subfield code='a'>Includes bibliographical references and index.</subfield></datafield><datafield ind1='1' ind2=' ' tag='505'><subfield code='a'>Tome I. Février-juillet 1889, no 1 à 23</subfield></datafield><datafield ind1=' ' ind2=' ' tag='520'><subfield code='a'>&quot;Le Père Peinard, hebdomadaire de polémique anarchiste publié à partir de février 1889 par Émile Pouget (1860-1931), est vite devenu une référence incontournable des classiques de l&apos;argot et de la langue verte. Les tout premiers numéros de ce virulent périodique écrit dans la &quot;langue du populo&quot;, difficiles d&apos;accès, n&apos;avaient pas encore été, jusqu&apos;à présent, mis intégralement à la disposition des chercheurs et du public. Cet ouvrage propose ici, des 23 premiers numéros parus jusqu&apos;à la fin juillet 1889, une édition critique complète et annotée qui devrait permettre à chacun de se faire une idée de l&apos;esprit et du style libertaires de leur seul et unique rédacteur, au coeur d&apos;une époque d&apos;intense agitation sociale et politique.&quot;--Page 4 of cover.</subfield></datafield><datafield ind1='0' ind2='4' tag='630'><subfield code='a'>Père Peinard.</subfield></datafield><datafield ind1=' ' ind2='0' tag='650'><subfield code='a'>Anarchism</subfield><subfield code='z'>France</subfield></datafield><datafield ind1=' ' ind2='0' tag='650'><subfield code='a'>Syndicalism</subfield><subfield code='z'>France.</subfield></datafield><datafield ind1=' ' ind2='0' tag='650'><subfield code='a'>French newspapers.</subfield></datafield><datafield ind1='1' ind2=' ' tag='700'><subfield code='a'>Delaplace, Denis,</subfield><subfield code='e'>editor.</subfield></datafield><datafield ind1=' ' ind2='0' tag='830'><subfield code='a'>Classiques de l&apos;argot et du jargon ;</subfield><subfield code='v'>9.</subfield></datafield><datafield ind1='1' ind2=' ' tag='583'><subfield code='a'>committed to retain</subfield><subfield code='c'>20181001</subfield><subfield code='d'>in perpetuity</subfield><subfield code='f'>ReCAP Shared Collection</subfield><subfield code='5'>HUL</subfield><subfield code='8'>222183197360003941</subfield></datafield><datafield ind1=' ' ind2=' ' tag='901'><subfield code='a'>fde2d710-f807-4831-bc2a-f473c60d3a99</subfield><subfield code='b'>17</subfield><subfield code='c'>false</subfield></datafield><datafield ind1='0' ind2=' ' tag='852'><subfield code='c'>HD</subfield><subfield code='h'>HD6477</subfield><subfield code='i'>.P682 2015</subfield><subfield code='0'>13709919</subfield><subfield code='b'>scsbhl</subfield></datafield><datafield ind1=' ' ind2=' ' tag='876'><subfield code='0'>13709919</subfield><subfield code='3'>t.1</subfield><subfield code='a'>19537613</subfield><subfield code='h'> </subfield><subfield code='j'>Available</subfield><subfield code='k'>WID</subfield><subfield code='p'>32044137148409</subfield><subfield code='x'>Shared</subfield><subfield code='z'>HW</subfield><subfield code='l'>HD</subfield></datafield></record>