
<record><leader>01183cam a2200361 i 4500</leader><controlfield tag='001'>SCSB-5548265</controlfield><controlfield tag='003'>NNC</controlfield><controlfield tag='005'>20221206034554.0</controlfield><controlfield tag='008'>760826t19761976fr a          000 0 fre  </controlfield><controlfield tag='009'>8075207</controlfield><datafield ind1=' ' ind2=' ' tag='010'><subfield code='a'>   76466590 </subfield></datafield><datafield ind1=' ' ind2=' ' tag='015'><subfield code='a'>F***</subfield></datafield><datafield ind1=' ' ind2=' ' tag='020'><subfield code='a'>2718600306 :</subfield><subfield code='c'>48.00F</subfield></datafield><datafield ind1=' ' ind2=' ' tag='020'><subfield code='a'>9782718600307</subfield></datafield><datafield ind1=' ' ind2=' ' tag='035'><subfield code='a'>(OCoLC)ocm02492124</subfield></datafield><datafield ind1=' ' ind2=' ' tag='035'><subfield code='a'>(OCoLC)2492124</subfield></datafield><datafield ind1=' ' ind2=' ' tag='035'><subfield code='a'>(NNC)8075207</subfield></datafield><datafield ind1=' ' ind2=' ' tag='035'><subfield code='a'>8075207</subfield></datafield><datafield ind1=' ' ind2=' ' tag='040'><subfield code='a'>DLC</subfield><subfield code='c'>DLC</subfield><subfield code='d'>MUQ</subfield><subfield code='d'>OCLCG</subfield></datafield><datafield ind1='0' ind2='0' tag='050'><subfield code='a'>HD6477</subfield><subfield code='b'>.P68</subfield></datafield><datafield ind1='0' ind2='0' tag='082'><subfield code='a'>335/.82/08</subfield></datafield><datafield ind1='1' ind2=' ' tag='100'><subfield code='a'>Pouget, Emile,</subfield><subfield code='d'>1860-1931.</subfield><subfield code='0'>http://id.loc.gov/authorities/names/n88206737</subfield></datafield><datafield ind1='1' ind2='3' tag='245'><subfield code='a'>Le Père peinard /</subfield><subfield code='c'>Émile Pouget ; textes choisis et présentés par Roger Langlais.</subfield></datafield><datafield ind1=' ' ind2=' ' tag='260'><subfield code='a'>Paris :</subfield><subfield code='b'>Éditions Galilée,</subfield><subfield code='c'>[1976], ©1976.</subfield></datafield><datafield ind1=' ' ind2=' ' tag='300'><subfield code='a'>344 pages :</subfield><subfield code='b'>illustrations ;</subfield><subfield code='c'>22 cm.</subfield></datafield><datafield ind1=' ' ind2=' ' tag='336'><subfield code='a'>text</subfield><subfield code='b'>txt</subfield><subfield code='2'>rdacontent</subfield></datafield><datafield ind1=' ' ind2=' ' tag='337'><subfield code='a'>unmediated</subfield><subfield code='b'>n</subfield><subfield code='2'>rdamedia</subfield></datafield><datafield ind1='1' ind2=' ' tag='490'><subfield code='a'>Coup pour coup</subfield></datafield><datafield ind1=' ' ind2='0' tag='650'><subfield code='a'>Syndicalism.</subfield><subfield code='0'>http://id.loc.gov/authorities/subjects/sh85131626</subfield></datafield><datafield ind1=' ' ind2='6' tag='650'><subfield code='a'>Syndicalisme.</subfield></datafield><datafield ind1='1' ind2=' ' tag='700'><subfield code='a'>Langlais, Roger.</subfield></datafield><datafield ind1=' ' ind2='0' tag='830'><subfield code='a'>Coup pour coup.</subfield><subfield code='0'>http://id.loc.gov/authorities/names/n86866950</subfield></datafield><datafield ind1=' ' ind2=' ' tag='901'><subfield code='a'>861d4fe5-e1da-4648-a800-75c35eccfc5c</subfield><subfield code='b'>29</subfield><subfield code='c'>false</subfield></datafield><datafield ind1='0' ind2='0' tag='852'><subfield code='h'>HD6477 .P68 1976</subfield><subfield code='0'>5542196</subfield><subfield code='b'>scsbcul</subfield></datafield><datafield ind1=' ' ind2=' ' tag='876'><subfield code='0'>5542196</subfield><subfield code='a'>8207460</subfield><subfield code='h'> </subfield><subfield code='j'>Available</subfield><subfield code='p'>CU16592816</subfield><subfield code='t'>1</subfield><subfield code='x'>Shared</subfield><subfield code='z'>CU</subfield><subfield code='l'>RECAP</subfield></datafield></record>