
<record><leader>00000cam  2200265   4500</leader><controlfield tag='001'>SCSB-7930377</controlfield><controlfield tag='005'>20000629172543.0</controlfield><controlfield tag='008'>771121s1976    fr a          00| 0|fre| cam   </controlfield><controlfield tag='009'>.b104543991</controlfield><datafield ind1='1' ind2=' ' tag='100'><subfield code='a'>Pouget, Émile.</subfield></datafield><datafield ind1='1' ind2=' ' tag='700'><subfield code='a'>Langlais, Roger.</subfield></datafield><datafield ind1=' ' ind2='0' tag='650'><subfield code='a'>Syndicalism.</subfield></datafield><datafield ind1=' ' ind2=' ' tag='020'><subfield code='a'>2718600306 :</subfield><subfield code='c'>48.00F</subfield></datafield><datafield ind1=' ' ind2=' ' tag='010'><subfield code='a'>76466590</subfield></datafield><datafield ind1=' ' ind2=' ' tag='260'><subfield code='a'>Paris :</subfield><subfield code='b'>Éditions Galilée,</subfield><subfield code='c'>c1976.</subfield></datafield><datafield ind1=' ' ind2=' ' tag='300'><subfield code='a'>344 p. :</subfield><subfield code='b'>ill. ;</subfield><subfield code='c'>22 cm.</subfield></datafield><datafield ind1=' ' ind2=' ' tag='490'><subfield code='a'>Coup pour coup.</subfield></datafield><datafield ind1='1' ind2='3' tag='245'><subfield code='a'>Le Père peinard /</subfield><subfield code='c'>Émile Pouget ; textes choisis et présentés par Roger Langlais.</subfield></datafield><datafield ind1=' ' ind2=' ' tag='040'><subfield code='c'>NN</subfield><subfield code='d'>NN</subfield><subfield code='d'>WaOLN</subfield></datafield><datafield ind1=' ' ind2='0' tag='050'><subfield code='a'>HD6477</subfield><subfield code='b'>.P68</subfield></datafield><datafield ind1=' ' ind2='0' tag='908'><subfield code='a'>HD6477</subfield><subfield code='b'>.P68</subfield></datafield><datafield ind1=' ' ind2=' ' tag='997'><subfield code='a'>hg</subfield><subfield code='b'>10-11-00</subfield><subfield code='c'>m</subfield><subfield code='d'>a</subfield><subfield code='e'>-</subfield><subfield code='f'>fre</subfield><subfield code='g'>fr</subfield><subfield code='h'>3</subfield></datafield><datafield ind1=' ' ind2=' ' tag='991'><subfield code='y'>2492124</subfield></datafield><datafield ind1=' ' ind2=' ' tag='910'><subfield code='a'>RL</subfield></datafield><datafield ind1='0' ind2='0' tag='907'><subfield code='a'>.b104543991</subfield></datafield><datafield ind1=' ' ind2=' ' tag='035'><subfield code='a'>(OCoLC)2492124</subfield></datafield><datafield ind1=' ' ind2=' ' tag='901'><subfield code='a'>861d4fe5-e1da-4648-a800-75c35eccfc5c</subfield><subfield code='b'>29</subfield><subfield code='c'>false</subfield></datafield><datafield ind1='8' ind2=' ' tag='852'><subfield code='h'>JLD 77-4109</subfield><subfield code='0'>8071478</subfield><subfield code='b'>scsbnypl</subfield></datafield><datafield ind1=' ' ind2=' ' tag='876'><subfield code='0'>8071478</subfield><subfield code='a'>13272541</subfield><subfield code='j'>Available</subfield><subfield code='p'>33433096189794</subfield><subfield code='t'>1</subfield><subfield code='x'>Open</subfield><subfield code='z'>NA</subfield><subfield code='l'>RECAP</subfield></datafield></record>