
<record><leader>01436cam a2200385 a 4500</leader><controlfield tag='001'>SCSB-2743402</controlfield><controlfield tag='003'>NNC</controlfield><controlfield tag='005'>20220526013407.0</controlfield><controlfield tag='008'>900104t19891989njua          000 0 eng  </controlfield><controlfield tag='009'>805636</controlfield><datafield ind1=' ' ind2=' ' tag='010'><subfield code='a'>   89022251 </subfield></datafield><datafield ind1=' ' ind2=' ' tag='020'><subfield code='a'>1559720115 :</subfield><subfield code='c'>$18.95</subfield></datafield><datafield ind1=' ' ind2=' ' tag='035'><subfield code='a'>(OCoLC)20263668</subfield></datafield><datafield ind1=' ' ind2=' ' tag='035'><subfield code='a'>(OCoLC)ocm20263668</subfield></datafield><datafield ind1=' ' ind2=' ' tag='035'><subfield code='a'>(CStRLIN)NYCG90-B784</subfield></datafield><datafield ind1=' ' ind2=' ' tag='035'><subfield code='9'>AEF1013CU</subfield></datafield><datafield ind1=' ' ind2=' ' tag='035'><subfield code='a'>(NNC)805636</subfield></datafield><datafield ind1=' ' ind2=' ' tag='035'><subfield code='a'>805636</subfield></datafield><datafield ind1=' ' ind2=' ' tag='040'><subfield code='d'>CDc</subfield></datafield><datafield ind1=' ' ind2=' ' tag='043'><subfield code='a'>n-us---</subfield></datafield><datafield ind1='0' ind2='0' tag='050'><subfield code='a'>PN4888.T4</subfield><subfield code='b'>R67 1989</subfield></datafield><datafield ind1='0' ind2=' ' tag='082'><subfield code='a'>302.23/45/0973</subfield><subfield code='2'>20</subfield></datafield><datafield ind1=' ' ind2=' ' tag='090'><subfield code='a'>PN4888.T4</subfield><subfield code='b'>R67 1989</subfield></datafield><datafield ind1='1' ind2=' ' tag='100'><subfield code='a'>Rose, Tom,</subfield><subfield code='d'>1956-</subfield><subfield code='0'>http://id.loc.gov/authorities/names/n88234538</subfield></datafield><datafield ind1='1' ind2='0' tag='245'><subfield code='a'>Freeing the whales :</subfield><subfield code='b'>how the media created the world&apos;s greatest non-event /</subfield><subfield code='c'>by Tom Rose.</subfield></datafield><datafield ind1=' ' ind2=' ' tag='260'><subfield code='a'>Secaucus, NJ :</subfield><subfield code='b'>Carol Pub. Group,</subfield><subfield code='c'>[1989], ©1989.</subfield></datafield><datafield ind1=' ' ind2=' ' tag='300'><subfield code='a'>318 pages 16 unnumbered pages of plates :</subfield><subfield code='b'>illustrations ;</subfield><subfield code='c'>24 cm</subfield></datafield><datafield ind1=' ' ind2=' ' tag='336'><subfield code='a'>text</subfield><subfield code='2'>rdacontent</subfield></datafield><datafield ind1=' ' ind2=' ' tag='337'><subfield code='a'>unmediated</subfield><subfield code='2'>rdamedia</subfield></datafield><datafield ind1=' ' ind2=' ' tag='338'><subfield code='a'>volume</subfield><subfield code='2'>rdacarrier</subfield></datafield><datafield ind1=' ' ind2=' ' tag='500'><subfield code='a'>&quot;A Birch Lane Press book.&quot;</subfield></datafield><datafield ind1=' ' ind2='0' tag='650'><subfield code='a'>Television broadcasting of news</subfield><subfield code='x'>Social aspects</subfield><subfield code='z'>United States.</subfield></datafield><datafield ind1=' ' ind2='0' tag='650'><subfield code='a'>Gray whale</subfield><subfield code='x'>Press coverage.</subfield><subfield code='0'>http://id.loc.gov/authorities/subjects/sh89004623</subfield></datafield><datafield ind1=' ' ind2='0' tag='650'><subfield code='a'>Wildlife rescue</subfield><subfield code='x'>Press coverage.</subfield><subfield code='0'>http://id.loc.gov/authorities/subjects/sh89004624</subfield></datafield><datafield ind1=' ' ind2='0' tag='650'><subfield code='a'>Journalism</subfield><subfield code='x'>Objectivity</subfield><subfield code='z'>United States.</subfield><subfield code='0'>http://id.loc.gov/authorities/subjects/sh2008106178</subfield></datafield><datafield ind1=' ' ind2=' ' tag='901'><subfield code='a'>543cfa18-0cb3-4975-b52c-733215478de9</subfield><subfield code='b'>29</subfield><subfield code='c'>false</subfield></datafield><datafield ind1='0' ind2='0' tag='852'><subfield code='h'>PN4888.T4 R67 1989</subfield><subfield code='0'>2719162</subfield><subfield code='b'>scsbcul</subfield></datafield><datafield ind1=' ' ind2=' ' tag='876'><subfield code='0'>2719162</subfield><subfield code='a'>4340159</subfield><subfield code='h'> </subfield><subfield code='j'>Available</subfield><subfield code='p'>CU61880779</subfield><subfield code='t'>1</subfield><subfield code='x'>Open</subfield><subfield code='z'>CU</subfield><subfield code='l'>RECAP</subfield></datafield></record>