
<record><leader>01343cam a2200277Ia 4500</leader><controlfield tag='001'>SCSB-8163340</controlfield><controlfield tag='003'>OCoLC</controlfield><controlfield tag='005'>20000629184432.0</controlfield><controlfield tag='008'>780412s1897    njua          000 0deng  </controlfield><controlfield tag='009'>.b12697987x</controlfield><datafield ind1=' ' ind2=' ' tag='010'><subfield code='a'>01007777</subfield></datafield><datafield ind1=' ' ind2=' ' tag='040'><subfield code='a'>DLC</subfield><subfield code='c'>TLM</subfield><subfield code='d'>MHS</subfield><subfield code='d'>NYP</subfield><subfield code='d'>WaOLN</subfield></datafield><datafield ind1=' ' ind2=' ' tag='043'><subfield code='a'>n-us-nj</subfield></datafield><datafield ind1=' ' ind2=' ' tag='049'><subfield code='a'>NYPL</subfield></datafield><datafield ind1='0' ind2='0' tag='050'><subfield code='a'>F142.C2</subfield><subfield code='b'>S8</subfield></datafield><datafield ind1='1' ind2=' ' tag='100'><subfield code='a'>Stevens, Lewis Townsend,</subfield><subfield code='d'>1868-</subfield></datafield><datafield ind1='1' ind2='4' tag='245'><subfield code='a'>The history of Cape May County, New Jersey :</subfield><subfield code='b'>from the aboriginal times to the present day /</subfield><subfield code='c'>by Lewis Townsend Stevens.</subfield></datafield><datafield ind1=' ' ind2=' ' tag='260'><subfield code='a'>Cape May City, N.J. :</subfield><subfield code='b'>L.T. Stevens,</subfield><subfield code='c'>1897.</subfield></datafield><datafield ind1=' ' ind2=' ' tag='300'><subfield code='a'>479 p., [2] leaves of plates :</subfield><subfield code='b'>ill. ;</subfield><subfield code='c'>24 cm.</subfield></datafield><datafield ind1=' ' ind2=' ' tag='500'><subfield code='a'>&quot;Embracing an account of the aborigines, the Dutch in Delaware Bay, the settlements of the county, the whaling, the growth of the villages, the Revolution and patriots, the establishment of the new government, the War of 1812, the progress of the county, and the soldiers of the Civil War.&quot;</subfield></datafield><datafield ind1=' ' ind2='0' tag='651'><subfield code='a'>Cape May County (N.J.)</subfield><subfield code='x'>History.</subfield></datafield><datafield ind1=' ' ind2='0' tag='651'><subfield code='a'>Cape May County (N.J.)</subfield><subfield code='v'>Biography.</subfield></datafield><datafield ind1=' ' ind2=' ' tag='907'><subfield code='a'>.b12697987x</subfield><subfield code='c'>m</subfield><subfield code='d'>a</subfield><subfield code='e'>-</subfield><subfield code='f'>eng</subfield><subfield code='g'>nju</subfield><subfield code='h'>4</subfield><subfield code='i'>1</subfield></datafield><datafield ind1=' ' ind2=' ' tag='035'><subfield code='a'>(OCoLC)3797451</subfield></datafield><datafield ind1='8' ind2=' ' tag='852'><subfield code='h'>ISB (Cape May Co.) (Stevens, L. T. History of Cape May County)</subfield><subfield code='0'>8313163</subfield><subfield code='b'>scsbnypl</subfield></datafield><datafield ind1=' ' ind2=' ' tag='876'><subfield code='0'>8313163</subfield><subfield code='a'>13667942</subfield><subfield code='h'>In Library Use</subfield><subfield code='j'>Available</subfield><subfield code='p'>33433115610895</subfield><subfield code='t'>1</subfield><subfield code='x'>Shared</subfield><subfield code='z'>NA</subfield><subfield code='l'>RECAP</subfield></datafield></record>