
<record><leader>00870cam a2200265 i 4500</leader><controlfield tag='001'>SCSB-12102870</controlfield><controlfield tag='005'>20020606090541.3</controlfield><controlfield tag='008'>741231s1974    njua     b    00110 eng  </controlfield><controlfield tag='009'>990006973270203941</controlfield><datafield ind1=' ' ind2=' ' tag='010'><subfield code='a'>^^^74084567^</subfield></datafield><datafield ind1=' ' ind2=' ' tag='035'><subfield code='a'>(OCoLC)1177239</subfield></datafield><datafield ind1=' ' ind2=' ' tag='040'><subfield code='a'>DLC</subfield><subfield code='c'>DLC</subfield></datafield><datafield ind1=' ' ind2=' ' tag='043'><subfield code='a'>n-us-nj</subfield></datafield><datafield ind1='0' ind2=' ' tag='050'><subfield code='a'>SH383.2</subfield><subfield code='b'>.W44 1974</subfield></datafield><datafield ind1=' ' ind2=' ' tag='082'><subfield code='a'>639/.28/09749</subfield></datafield><datafield ind1='1' ind2=' ' tag='100'><subfield code='a'>Weiss, Harry B.</subfield><subfield code='q'>(Harry Bischoff),</subfield><subfield code='d'>1883-1972.</subfield></datafield><datafield ind1='1' ind2='0' tag='245'><subfield code='a'>Whaling in New Jersey /</subfield><subfield code='c'>by Harry B. Weiss, with Howard R. Kemble and Millicent T. Carré.</subfield></datafield><datafield ind1=' ' ind2=' ' tag='260'><subfield code='a'>Trenton :</subfield><subfield code='b'>New Jersey Agricultural Society,</subfield><subfield code='c'>1974.</subfield></datafield><datafield ind1=' ' ind2=' ' tag='300'><subfield code='a'>ix, 148 p. :</subfield><subfield code='b'>ill. ;</subfield><subfield code='c'>24 cm.</subfield></datafield><datafield ind1=' ' ind2=' ' tag='504'><subfield code='a'>Includes bibliographical references and index.</subfield></datafield><datafield ind1=' ' ind2='0' tag='650'><subfield code='a'>Whaling</subfield><subfield code='z'>New Jersey</subfield><subfield code='x'>History.</subfield></datafield><datafield ind1=' ' ind2='7' tag='655'><subfield code='a'>History</subfield><subfield code='2'>fast</subfield></datafield><datafield ind1='1' ind2=' ' tag='700'><subfield code='a'>Kemble, Howard R.</subfield><subfield code='e'>joint author.</subfield></datafield><datafield ind1='1' ind2=' ' tag='700'><subfield code='a'>Carré, Millicent T.,</subfield><subfield code='e'>joint author.</subfield></datafield><datafield ind1='1' ind2=' ' tag='700'><subfield code='a'>Kemble, Howard R.,</subfield><subfield code='e'>author.</subfield></datafield><datafield ind1='1' ind2=' ' tag='700'><subfield code='a'>Carré, Millicent T.,</subfield><subfield code='e'>author.</subfield></datafield><datafield ind1='1' ind2=' ' tag='583'><subfield code='a'>committed to retain</subfield><subfield code='c'>20181001</subfield><subfield code='d'>in perpetuity</subfield><subfield code='f'>ReCAP Shared Collection</subfield><subfield code='5'>HUL</subfield><subfield code='8'>221767186150003941</subfield></datafield><datafield ind1='0' ind2=' ' tag='852'><subfield code='c'>HD</subfield><subfield code='h'>SH383.2</subfield><subfield code='i'>.W44 1974HWAD1K</subfield><subfield code='0'>12931137</subfield><subfield code='b'>scsbhl</subfield></datafield><datafield ind1=' ' ind2=' ' tag='876'><subfield code='0'>12931137</subfield><subfield code='a'>18727419</subfield><subfield code='h'> </subfield><subfield code='j'>Available</subfield><subfield code='k'>WID</subfield><subfield code='p'>HWAD1K</subfield><subfield code='x'>Shared</subfield><subfield code='z'>HW</subfield><subfield code='l'>HD</subfield></datafield></record>