
<record><leader>01370nam a2200373 a 4500</leader><controlfield tag='001'>SCSB-4236333</controlfield><controlfield tag='003'>NNC</controlfield><controlfield tag='005'>20221020000637.0</controlfield><controlfield tag='008'>011114s2001    enkabc        001 0 eng  </controlfield><controlfield tag='009'>3169512</controlfield><datafield ind1=' ' ind2=' ' tag='010'><subfield code='a'>  2001275919</subfield></datafield><datafield ind1=' ' ind2=' ' tag='015'><subfield code='a'>GBA1-X5210</subfield></datafield><datafield ind1=' ' ind2=' ' tag='020'><subfield code='a'>0192802453</subfield></datafield><datafield ind1=' ' ind2=' ' tag='035'><subfield code='a'>(OCoLC)47063359</subfield></datafield><datafield ind1=' ' ind2=' ' tag='035'><subfield code='a'>(OCoLC)ocm47063359</subfield></datafield><datafield ind1=' ' ind2=' ' tag='035'><subfield code='9'>AUB0690CU</subfield></datafield><datafield ind1=' ' ind2=' ' tag='035'><subfield code='a'>(NNC)3169512</subfield></datafield><datafield ind1=' ' ind2=' ' tag='035'><subfield code='a'>3169512</subfield></datafield><datafield ind1=' ' ind2=' ' tag='040'><subfield code='a'>UKM</subfield><subfield code='c'>UKM</subfield><subfield code='d'>OCLCQ</subfield><subfield code='d'>C#P</subfield><subfield code='d'>DLC</subfield></datafield><datafield ind1=' ' ind2=' ' tag='042'><subfield code='a'>lccopycat</subfield></datafield><datafield ind1=' ' ind2=' ' tag='043'><subfield code='a'>e-ur---</subfield></datafield><datafield ind1='0' ind2='0' tag='050'><subfield code='a'>DK274</subfield><subfield code='b'>.K635 2001</subfield></datafield><datafield ind1='0' ind2='0' tag='082'><subfield code='a'>947.085</subfield><subfield code='2'>21</subfield></datafield><datafield ind1='1' ind2=' ' tag='100'><subfield code='a'>Kotkin, Stephen.</subfield><subfield code='0'>http://id.loc.gov/authorities/names/n88163221</subfield></datafield><datafield ind1='1' ind2='0' tag='245'><subfield code='a'>Armageddon averted :</subfield><subfield code='b'>the Soviet collapse, 1970-2000 /</subfield><subfield code='c'>Stephen Kotkin.</subfield></datafield><datafield ind1=' ' ind2=' ' tag='260'><subfield code='a'>Oxford :</subfield><subfield code='b'>Oxford University Press,</subfield><subfield code='c'>2001.</subfield></datafield><datafield ind1=' ' ind2=' ' tag='300'><subfield code='a'>xvii, 245 pages, 16 unnumbered pages of plates :</subfield><subfield code='b'>illustrations, maps, portraits ;</subfield><subfield code='c'>20 cm</subfield></datafield><datafield ind1=' ' ind2=' ' tag='336'><subfield code='a'>text</subfield><subfield code='b'>txt</subfield><subfield code='2'>rdacontent</subfield></datafield><datafield ind1=' ' ind2=' ' tag='337'><subfield code='a'>unmediated</subfield><subfield code='b'>n</subfield><subfield code='2'>rdamedia</subfield></datafield><datafield ind1=' ' ind2=' ' tag='504'><subfield code='a'>Includes bibliographical references and index.</subfield></datafield><datafield ind1=' ' ind2='0' tag='651'><subfield code='a'>Soviet Union</subfield><subfield code='x'>History</subfield><subfield code='y'>1953-1985.</subfield><subfield code='0'>http://id.loc.gov/authorities/subjects/sh85125817</subfield></datafield><datafield ind1=' ' ind2='0' tag='651'><subfield code='a'>Soviet Union</subfield><subfield code='x'>History</subfield><subfield code='y'>1985-1991.</subfield><subfield code='0'>http://id.loc.gov/authorities/subjects/sh91005836</subfield></datafield><datafield ind1=' ' ind2='0' tag='650'><subfield code='a'>Communism</subfield><subfield code='z'>Soviet Union</subfield><subfield code='x'>History.</subfield><subfield code='0'>http://id.loc.gov/authorities/subjects/sh2008101329</subfield></datafield><datafield ind1='0' ind2='0' tag='852'><subfield code='h'>DK274 .K635 2001</subfield><subfield code='0'>4249332</subfield><subfield code='b'>scsbcul</subfield></datafield><datafield ind1=' ' ind2=' ' tag='876'><subfield code='0'>4249332</subfield><subfield code='a'>6142271</subfield><subfield code='h'> </subfield><subfield code='j'>Available</subfield><subfield code='p'>CU16393155</subfield><subfield code='t'>1</subfield><subfield code='x'>Shared</subfield><subfield code='z'>CU</subfield><subfield code='l'>RECAP</subfield></datafield></record>