
<record><leader>01447cam a2200409 a 4500</leader><controlfield tag='001'>SCSB-2851141</controlfield><controlfield tag='003'>NNC</controlfield><controlfield tag='005'>20220526044836.0</controlfield><controlfield tag='008'>910424t19911991cauaf    b   s001 0 eng  </controlfield><controlfield tag='009'>958071</controlfield><datafield ind1=' ' ind2=' ' tag='010'><subfield code='a'>   90011310 </subfield></datafield><datafield ind1=' ' ind2=' ' tag='020'><subfield code='a'>0520073533 (cloth)</subfield></datafield><datafield ind1=' ' ind2=' ' tag='020'><subfield code='a'>0520073541 (pbk)</subfield></datafield><datafield ind1='3' ind2='0' tag='024'><subfield code='a'>9780520073548 (pbk.)</subfield></datafield><datafield ind1=' ' ind2=' ' tag='035'><subfield code='a'>(OCoLC)22452892</subfield></datafield><datafield ind1=' ' ind2=' ' tag='035'><subfield code='a'>(OCoLC)ocm22452892</subfield></datafield><datafield ind1=' ' ind2=' ' tag='035'><subfield code='a'>(NNC)958071</subfield></datafield><datafield ind1=' ' ind2=' ' tag='035'><subfield code='a'>958071</subfield></datafield><datafield ind1=' ' ind2=' ' tag='040'><subfield code='a'>DLC</subfield><subfield code='c'>DLC</subfield><subfield code='d'>DLC</subfield><subfield code='d'>CU-SB</subfield><subfield code='d'>NNC</subfield></datafield><datafield ind1=' ' ind2=' ' tag='043'><subfield code='a'>e-ur-ru</subfield><subfield code='a'>e-ur---</subfield></datafield><datafield ind1='0' ind2='0' tag='050'><subfield code='a'>DK651.M159</subfield><subfield code='b'>K68 1991</subfield></datafield><datafield ind1='0' ind2='0' tag='082'><subfield code='a'>947/.87</subfield><subfield code='2'>20</subfield></datafield><datafield ind1=' ' ind2=' ' tag='090'><subfield code='a'>DK651.M159</subfield><subfield code='b'>K68 1991</subfield></datafield><datafield ind1='1' ind2=' ' tag='100'><subfield code='a'>Kotkin, Stephen.</subfield><subfield code='0'>http://id.loc.gov/authorities/names/n88163221</subfield></datafield><datafield ind1='1' ind2='0' tag='245'><subfield code='a'>Steeltown, USSR :</subfield><subfield code='b'>Soviet society in the Gorbachev era /</subfield><subfield code='c'>Stephen Kotkin.</subfield></datafield><datafield ind1=' ' ind2=' ' tag='260'><subfield code='a'>Berkeley :</subfield><subfield code='b'>University of California Press,</subfield><subfield code='c'>[1991], ©1991.</subfield></datafield><datafield ind1=' ' ind2=' ' tag='263'><subfield code='a'>9104</subfield></datafield><datafield ind1=' ' ind2=' ' tag='300'><subfield code='a'>xxx, 269 pages, 40 unnumbered pages of plates :</subfield><subfield code='b'>illustrations ;</subfield><subfield code='c'>24 cm</subfield></datafield><datafield ind1=' ' ind2=' ' tag='336'><subfield code='a'>text</subfield><subfield code='2'>rdacontent</subfield></datafield><datafield ind1=' ' ind2=' ' tag='337'><subfield code='a'>unmediated</subfield><subfield code='2'>rdamedia</subfield></datafield><datafield ind1=' ' ind2=' ' tag='338'><subfield code='a'>volume</subfield><subfield code='2'>rdacarrier</subfield></datafield><datafield ind1=' ' ind2=' ' tag='500'><subfield code='a'>Includes bibliographical references and index.</subfield></datafield><datafield ind1=' ' ind2=' ' tag='500'><subfield code='a'>&quot;A centennial book.&quot;</subfield></datafield><datafield ind1=' ' ind2='0' tag='651'><subfield code='a'>Magnitogorsk (Russia)</subfield><subfield code='x'>Politics and government.</subfield></datafield><datafield ind1=' ' ind2='0' tag='650'><subfield code='a'>Perestroĭka</subfield><subfield code='z'>Russia (Federation)</subfield><subfield code='z'>Magnitogorsk.</subfield></datafield><datafield ind1=' ' ind2='0' tag='651'><subfield code='a'>Soviet Union</subfield><subfield code='x'>Politics and government</subfield><subfield code='y'>1985-1991.</subfield><subfield code='0'>http://id.loc.gov/authorities/subjects/sh86004555</subfield></datafield><datafield ind1='0' ind2='0' tag='852'><subfield code='h'>DK651.M159 K68 1991</subfield><subfield code='0'>2828400</subfield><subfield code='b'>scsbcul</subfield></datafield><datafield ind1=' ' ind2=' ' tag='876'><subfield code='0'>2828400</subfield><subfield code='a'>4464951</subfield><subfield code='h'> </subfield><subfield code='j'>Available</subfield><subfield code='p'>CU12612855</subfield><subfield code='t'>1</subfield><subfield code='x'>Shared</subfield><subfield code='z'>CU</subfield><subfield code='l'>RECAP</subfield></datafield></record>