
<record><leader>00980nam a2200265Ma 4500</leader><controlfield tag='001'>SCSB-10665114</controlfield><controlfield tag='005'>20020606093309.7</controlfield><controlfield tag='008'>920702s1989    cau      b    000 0 eng d</controlfield><controlfield tag='009'>990021230860203941</controlfield><datafield ind1=' ' ind2=' ' tag='020'><subfield code='a'>0962262900</subfield></datafield><datafield ind1=' ' ind2=' ' tag='035'><subfield code='a'>(OCoLC)26188256</subfield></datafield><datafield ind1=' ' ind2=' ' tag='040'><subfield code='a'>PUL</subfield><subfield code='c'>PUL</subfield><subfield code='d'>HLS</subfield></datafield><datafield ind1=' ' ind2=' ' tag='043'><subfield code='a'>e-ur---</subfield></datafield><datafield ind1=' ' ind2='4' tag='050'><subfield code='a'>DK651.M159</subfield><subfield code='b'>K68 1989</subfield></datafield><datafield ind1=' ' ind2=' ' tag='090'><subfield code='a'>x</subfield></datafield><datafield ind1='1' ind2=' ' tag='100'><subfield code='a'>Kotkin, Stephen</subfield></datafield><datafield ind1='1' ind2='0' tag='245'><subfield code='a'>Steeltown, USSR :</subfield><subfield code='b'>glasnost, destalinization, and perestroika in the provinces /</subfield><subfield code='c'>by Stephen Kotkin.</subfield></datafield><datafield ind1=' ' ind2=' ' tag='260'><subfield code='a'>Berkeley, Calif. :</subfield><subfield code='b'>Center for Slavic and East European Studies, University of California at Berkeley,</subfield><subfield code='c'>1989.</subfield></datafield><datafield ind1=' ' ind2=' ' tag='300'><subfield code='a'>63 p. ;</subfield><subfield code='c'>22 cm.</subfield></datafield><datafield ind1='1' ind2=' ' tag='490'><subfield code='a'>Occasional papers series ;</subfield><subfield code='v'>1</subfield></datafield><datafield ind1=' ' ind2=' ' tag='504'><subfield code='a'>Includes bibliographical references (p. 58-63).</subfield></datafield><datafield ind1=' ' ind2='0' tag='651'><subfield code='a'>Magnitogorsk (Russia)</subfield><subfield code='x'>History.</subfield></datafield><datafield ind1=' ' ind2='0' tag='651'><subfield code='a'>Magnitogorsk (Russia)</subfield><subfield code='x'>Economic conditions.</subfield></datafield><datafield ind1=' ' ind2='7' tag='655'><subfield code='a'>History</subfield><subfield code='2'>fast</subfield><subfield code='0'>(OCoLC)fst01411628</subfield></datafield><datafield ind1=' ' ind2='0' tag='830'><subfield code='a'>Occasional papers (University of California, Berkeley. Center for Slavic and East European Studies) ;</subfield><subfield code='v'>1.</subfield></datafield><datafield ind1='1' ind2=' ' tag='583'><subfield code='a'>committed to retain</subfield><subfield code='c'>20181001</subfield><subfield code='d'>in perpetuity</subfield><subfield code='f'>ReCAP Shared Collection</subfield><subfield code='5'>HUL</subfield><subfield code='8'>221819089420003941</subfield></datafield><datafield ind1='0' ind2=' ' tag='852'><subfield code='c'>HD</subfield><subfield code='h'>x</subfield><subfield code='0'>11451303</subfield><subfield code='b'>scsbhl</subfield></datafield><datafield ind1=' ' ind2=' ' tag='876'><subfield code='0'>11451303</subfield><subfield code='a'>17189805</subfield><subfield code='h'> </subfield><subfield code='j'>Available</subfield><subfield code='k'>WID</subfield><subfield code='p'>HWH3EY</subfield><subfield code='x'>Shared</subfield><subfield code='z'>HW</subfield><subfield code='l'>HD</subfield></datafield></record>