
<record><leader>00000cam a2200505 i 4500</leader><controlfield tag='001'>SCSB-15019954</controlfield><controlfield tag='003'>OCoLC</controlfield><controlfield tag='005'>20250305104340.0</controlfield><controlfield tag='008'>231012s2023    ck       b    001 0 spa dcam i </controlfield><controlfield tag='009'>.b235369573</controlfield><datafield ind1='1' ind2=' ' tag='100'><subfield code='a'>Jaramillo Restrepo, Sandra,</subfield><subfield code='e'>author.</subfield></datafield><datafield ind1='1' ind2='0' tag='600'><subfield code='a'>Zuleta, Estanislao.</subfield></datafield><datafield ind1='1' ind2='0' tag='600'><subfield code='a'>Arrubla, Mario.</subfield></datafield><datafield ind1=' ' ind2='0' tag='650'><subfield code='a'>New Left</subfield><subfield code='z'>Colombia</subfield><subfield code='x'>History</subfield><subfield code='y'>20th century.</subfield></datafield><datafield ind1=' ' ind2='0' tag='651'><subfield code='a'>Colombia</subfield><subfield code='x'>Politics and government</subfield><subfield code='y'>20th century.</subfield></datafield><datafield ind1='1' ind2='7' tag='600'><subfield code='a'>Zuleta, Estanislao.</subfield><subfield code='2'>fast</subfield><subfield code='0'>(OCoLC)fst00132135</subfield></datafield><datafield ind1=' ' ind2='7' tag='650'><subfield code='a'>New Left.</subfield><subfield code='2'>fast</subfield><subfield code='0'>(OCoLC)fst01036751</subfield></datafield><datafield ind1=' ' ind2='7' tag='650'><subfield code='a'>Politics and government.</subfield><subfield code='2'>fast</subfield><subfield code='0'>(OCoLC)fst01919741</subfield></datafield><datafield ind1=' ' ind2='7' tag='651'><subfield code='a'>Colombia.</subfield><subfield code='2'>fast</subfield><subfield code='0'>(OCoLC)fst01205916</subfield></datafield><datafield ind1=' ' ind2='7' tag='648'><subfield code='a'>1900-1999</subfield><subfield code='2'>fast</subfield></datafield><datafield ind1=' ' ind2='7' tag='655'><subfield code='a'>History.</subfield><subfield code='2'>fast</subfield><subfield code='0'>(OCoLC)fst01411628</subfield></datafield><datafield ind1=' ' ind2=' ' tag='250'><subfield code='a'>Primera edición.</subfield></datafield><datafield ind1=' ' ind2=' ' tag='020'><subfield code='a'>9786287569430</subfield></datafield><datafield ind1=' ' ind2=' ' tag='020'><subfield code='a'>6287569433</subfield></datafield><datafield ind1=' ' ind2=' ' tag='504'><subfield code='a'>Includes bibliographical references and index.</subfield></datafield><datafield ind1='0' ind2=' ' tag='505'><subfield code='a'>Ecos Franceses en Medellín : afinidades electivas, autodidactismo y primeras búsquedas -- Las campanas de la revolución en Bogotá : nuevas sociabilidades personales y colectivas, y diferenciaciones políticas -- Mario Arrubla el intelectual de las mediaciones generacionales y editoriales que persiste a través de la pluma -- Estanislao Zuleta : un orador que bucea entre las utopías y la democracia.</subfield></datafield><datafield ind1=' ' ind2='1' tag='264'><subfield code='a'>Bogotá :</subfield><subfield code='b'>Ariel :</subfield><subfield code='b'>Editorial Planeta Colombiana,</subfield><subfield code='c'>2023.</subfield></datafield><datafield ind1=' ' ind2=' ' tag='300'><subfield code='a'>374 pages ;</subfield><subfield code='c'>24 cm</subfield></datafield><datafield ind1=' ' ind2=' ' tag='336'><subfield code='a'>text</subfield><subfield code='b'>txt</subfield><subfield code='2'>rdacontent</subfield></datafield><datafield ind1=' ' ind2=' ' tag='337'><subfield code='a'>unmediated</subfield><subfield code='b'>n</subfield><subfield code='2'>rdamedia</subfield></datafield><datafield ind1=' ' ind2=' ' tag='338'><subfield code='a'>volume</subfield><subfield code='b'>nc</subfield><subfield code='2'>rdacarrier</subfield></datafield><datafield ind1='1' ind2='0' tag='245'><subfield code='a'>Hombres de ideas :</subfield><subfield code='b'>entre la revolución y la democracia : los itinerarios cruzados de Estanislao Zuleta y Mario Arrubla, la generación de los años sesenta y la nueva izquierda intelectual en Colombia /</subfield><subfield code='c'>Sandra Jaramillo Restrepo.</subfield></datafield><datafield ind1='3' ind2='0' tag='246'><subfield code='a'>Itinerarios cruzados de Mario Arrubla y Estanislao Zuleta : los años 60 y la izquierda en Colombia</subfield></datafield><datafield ind1=' ' ind2=' ' tag='040'><subfield code='a'>CUY</subfield><subfield code='b'>eng</subfield><subfield code='e'>rda</subfield><subfield code='c'>CUY</subfield><subfield code='d'>OCLCO</subfield><subfield code='d'>OCLCF</subfield><subfield code='d'>NYP</subfield></datafield><datafield ind1=' ' ind2=' ' tag='043'><subfield code='a'>s-ck---</subfield></datafield><datafield ind1=' ' ind2=' ' tag='049'><subfield code='a'>NYPP</subfield></datafield><datafield ind1=' ' ind2='4' tag='050'><subfield code='a'>F2278</subfield><subfield code='b'>.J375 2023</subfield></datafield><datafield ind1=' ' ind2=' ' tag='901'><subfield code='a'>MARS</subfield></datafield><datafield ind1=' ' ind2='4' tag='908'><subfield code='a'>F2278</subfield><subfield code='b'>.J375 2023</subfield></datafield><datafield ind1=' ' ind2=' ' tag='901'><subfield code='a'>cir</subfield><subfield code='b'>CATRL</subfield></datafield><datafield ind1=' ' ind2=' ' tag='910'><subfield code='a'>RL</subfield></datafield><datafield ind1='0' ind2='0' tag='907'><subfield code='a'>.b235369573</subfield></datafield><datafield ind1=' ' ind2=' ' tag='035'><subfield code='a'>(OCoLC)1402269627</subfield></datafield><datafield ind1='8' ind2=' ' tag='852'><subfield code='h'>ReCAP 25-6013</subfield><subfield code='0'>16074199</subfield><subfield code='b'>scsbnypl</subfield></datafield><datafield ind1=' ' ind2=' ' tag='876'><subfield code='0'>16074199</subfield><subfield code='a'>22789798</subfield><subfield code='j'>Available</subfield><subfield code='p'>33433137733634</subfield><subfield code='t'>1</subfield><subfield code='x'>Shared</subfield><subfield code='z'>NA</subfield><subfield code='l'>RECAP</subfield></datafield></record>