
<record><leader>01061cam a22003011  4500</leader><controlfield tag='001'>SCSB-2843176</controlfield><controlfield tag='003'>NNC</controlfield><controlfield tag='005'>20220526044110.0</controlfield><controlfield tag='008'>860505s1935    ck            000 0 spa d</controlfield><controlfield tag='009'>949219</controlfield><datafield ind1=' ' ind2=' ' tag='010'><subfield code='a'>   36028957 </subfield></datafield><datafield ind1=' ' ind2=' ' tag='035'><subfield code='a'>(OCoLC)ocm13530963</subfield></datafield><datafield ind1=' ' ind2=' ' tag='035'><subfield code='9'>AFE4433CU</subfield></datafield><datafield ind1=' ' ind2=' ' tag='035'><subfield code='a'>(NNC)949219</subfield></datafield><datafield ind1=' ' ind2=' ' tag='035'><subfield code='a'>949219</subfield></datafield><datafield ind1=' ' ind2=' ' tag='040'><subfield code='a'>RQA</subfield><subfield code='c'>RQA</subfield><subfield code='d'>RQO</subfield></datafield><datafield ind1=' ' ind2=' ' tag='043'><subfield code='a'>s-ck---</subfield></datafield><datafield ind1=' ' ind2=' ' tag='099'><subfield code='a'>986</subfield><subfield code='a'>Os5</subfield></datafield><datafield ind1='1' ind2=' ' tag='100'><subfield code='a'>Osorio Lizarazo, J. A.</subfield><subfield code='q'>(José Antonio),</subfield><subfield code='d'>1900-1964.</subfield><subfield code='0'>http://id.loc.gov/authorities/names/n82151478</subfield></datafield><datafield ind1='1' ind2='0' tag='245'><subfield code='a'>Ideas de izquierda ;</subfield><subfield code='b'>liberalismo, partido revolucionario /</subfield><subfield code='c'>[por] J.A. Osorio Lizarazo.</subfield></datafield><datafield ind1=' ' ind2=' ' tag='260'><subfield code='a'>[Bogotá] :</subfield><subfield code='b'>[Editorial ABC],</subfield><subfield code='c'>[1935?]</subfield></datafield><datafield ind1=' ' ind2=' ' tag='300'><subfield code='a'>110 pages, 2 unnumbered pages ;</subfield><subfield code='c'>23 cm</subfield></datafield><datafield ind1=' ' ind2=' ' tag='336'><subfield code='a'>text</subfield><subfield code='2'>rdacontent</subfield></datafield><datafield ind1=' ' ind2=' ' tag='337'><subfield code='a'>unmediated</subfield><subfield code='2'>rdamedia</subfield></datafield><datafield ind1=' ' ind2=' ' tag='338'><subfield code='a'>volume</subfield><subfield code='2'>rdacarrier</subfield></datafield><datafield ind1=' ' ind2='0' tag='651'><subfield code='a'>Colombia</subfield><subfield code='x'>Politics and government</subfield><subfield code='y'>1886-1903.</subfield><subfield code='0'>http://id.loc.gov/authorities/subjects/sh85028514</subfield></datafield><datafield ind1=' ' ind2='0' tag='650'><subfield code='a'>Church and state</subfield><subfield code='z'>Colombia.</subfield><subfield code='0'>http://id.loc.gov/authorities/subjects/sh2009119649</subfield></datafield><datafield ind1='8' ind2='0' tag='852'><subfield code='h'>986 Os5</subfield><subfield code='0'>2820364</subfield><subfield code='b'>scsbcul</subfield></datafield><datafield ind1=' ' ind2=' ' tag='876'><subfield code='0'>2820364</subfield><subfield code='a'>4456683</subfield><subfield code='h'> </subfield><subfield code='j'>Available</subfield><subfield code='p'>CU54212936</subfield><subfield code='t'>1</subfield><subfield code='x'>Shared</subfield><subfield code='z'>CU</subfield><subfield code='l'>RECAP</subfield></datafield></record>