
<record><leader>00000nam  2200253   4500</leader><controlfield tag='001'>SCSB-7607834</controlfield><controlfield tag='003'>CStRLIN</controlfield><controlfield tag='005'>20000711102927.4</controlfield><controlfield tag='008'>000710s1935    ck            000 0 spa dsam   </controlfield><controlfield tag='009'>.b147030948</controlfield><datafield ind1='1' ind2=' ' tag='100'><subfield code='a'>Osorio Lizarazo, J. A.</subfield><subfield code='q'>(José Antonio),</subfield><subfield code='d'>1900-</subfield></datafield><datafield ind1=' ' ind2='0' tag='651'><subfield code='a'>Colombia</subfield><subfield code='x'>Politics and government</subfield><subfield code='y'>1903-1930.</subfield></datafield><datafield ind1=' ' ind2='0' tag='650'><subfield code='a'>Church and state</subfield><subfield code='z'>Colombia.</subfield></datafield><datafield ind1=' ' ind2=' ' tag='583'><subfield code='a'>will reformat</subfield><subfield code='c'>07-10-00</subfield></datafield><datafield ind1=' ' ind2=' ' tag='260'><subfield code='a'>[Bogotá,</subfield><subfield code='b'>Editorial ABC,</subfield><subfield code='c'>1935?]</subfield></datafield><datafield ind1=' ' ind2=' ' tag='300'><subfield code='a'>110, [2] p.</subfield><subfield code='c'>23 cm.</subfield></datafield><datafield ind1='1' ind2='0' tag='245'><subfield code='a'>Ideas de izquierda;</subfield><subfield code='b'>liberalismo, partido revolucionario</subfield><subfield code='c'>[por] J.A. Osorio Lizarazo.</subfield></datafield><datafield ind1=' ' ind2=' ' tag='040'><subfield code='a'>NN</subfield><subfield code='d'>NN</subfield><subfield code='d'>WaOLN</subfield></datafield><datafield ind1=' ' ind2=' ' tag='043'><subfield code='a'>s-ck---</subfield></datafield><datafield ind1=' ' ind2=' ' tag='909'><subfield code='a'>Not for export in OCLC Reclamation Project</subfield></datafield><datafield ind1=' ' ind2=' ' tag='997'><subfield code='a'>hf</subfield><subfield code='b'>07-11-00</subfield><subfield code='c'>m</subfield><subfield code='d'>a</subfield><subfield code='e'>s</subfield><subfield code='f'>spa</subfield><subfield code='g'>ck</subfield><subfield code='h'>0</subfield></datafield><datafield ind1=' ' ind2=' ' tag='910'><subfield code='a'>RL</subfield></datafield><datafield ind1=' ' ind2=' ' tag='909'><subfield code='a'>OCLC Holdings Update Project Exclusion 2022</subfield></datafield><datafield ind1='0' ind2='0' tag='907'><subfield code='a'>.b147030948</subfield></datafield><datafield ind1='8' ind2=' ' tag='852'><subfield code='h'>*Z-9085</subfield><subfield code='0'>7733311</subfield><subfield code='b'>scsbnypl</subfield></datafield><datafield ind1=' ' ind2=' ' tag='866'><subfield code='a'>5 General Research Div titles</subfield><subfield code='0'>7733311</subfield></datafield><datafield ind1=' ' ind2=' ' tag='876'><subfield code='0'>7733311</subfield><subfield code='3'>5 General Research Div titles</subfield><subfield code='a'>12630374</subfield><subfield code='h'>In Library Use</subfield><subfield code='j'>Available</subfield><subfield code='p'>33433106756632</subfield><subfield code='t'>1</subfield><subfield code='x'>Shared</subfield><subfield code='z'>NA</subfield><subfield code='l'>RECAP</subfield></datafield></record>