
<record><leader>01103cam a2200325ui 4500</leader><controlfield tag='001'>SCSB-8304111</controlfield><controlfield tag='003'>OCoLC</controlfield><controlfield tag='005'>20150508122359.0</controlfield><controlfield tag='008'>150306s2014    cl a     b    001 0dspa  </controlfield><controlfield tag='009'>.b205254986</controlfield><datafield ind1=' ' ind2=' ' tag='020'><subfield code='a'>9789569004018</subfield></datafield><datafield ind1=' ' ind2=' ' tag='020'><subfield code='a'>9569004010</subfield></datafield><datafield ind1=' ' ind2=' ' tag='040'><subfield code='a'>IQU</subfield><subfield code='b'>eng</subfield><subfield code='e'>rda</subfield><subfield code='c'>IQU</subfield><subfield code='d'>STF</subfield><subfield code='d'>HLS</subfield><subfield code='d'>NYP</subfield></datafield><datafield ind1=' ' ind2=' ' tag='043'><subfield code='a'>s-cl---</subfield></datafield><datafield ind1=' ' ind2=' ' tag='049'><subfield code='a'>NYPP</subfield></datafield><datafield ind1=' ' ind2='4' tag='050'><subfield code='a'>HX198.7</subfield><subfield code='b'>.C65 2014</subfield></datafield><datafield ind1='1' ind2=' ' tag='100'><subfield code='a'>Coloane, Francisco,</subfield><subfield code='e'>editor.</subfield></datafield><datafield ind1='1' ind2='0' tag='245'><subfield code='a'>Vidas de izquierda :</subfield><subfield code='b'>54 entrevistas /</subfield><subfield code='c'>trabajo colectivo compilado por Juan F. Coloane.</subfield></datafield><datafield ind1=' ' ind2=' ' tag='250'><subfield code='a'>Primera edición.</subfield></datafield><datafield ind1=' ' ind2='1' tag='264'><subfield code='a'>Santiago de Chile :</subfield><subfield code='b'>Navegación e Ideas,</subfield><subfield code='c'>2014.</subfield></datafield><datafield ind1=' ' ind2=' ' tag='300'><subfield code='a'>545 pages :</subfield><subfield code='b'>illustrations ;</subfield><subfield code='c'>25 cm</subfield></datafield><datafield ind1=' ' ind2=' ' tag='336'><subfield code='a'>text</subfield><subfield code='2'>rdacontent</subfield></datafield><datafield ind1=' ' ind2=' ' tag='337'><subfield code='a'>unmediated</subfield><subfield code='2'>rdamedia</subfield></datafield><datafield ind1=' ' ind2=' ' tag='338'><subfield code='a'>volume</subfield><subfield code='2'>rdacarrier</subfield></datafield><datafield ind1=' ' ind2=' ' tag='504'><subfield code='a'>Includes bibliographical references (pages 519-520) and index.</subfield></datafield><datafield ind1=' ' ind2='0' tag='650'><subfield code='a'>Chileans</subfield><subfield code='v'>Interviews.</subfield></datafield><datafield ind1=' ' ind2=' ' tag='907'><subfield code='a'>.b205254986</subfield><subfield code='c'>m</subfield><subfield code='d'>a</subfield><subfield code='e'>-</subfield><subfield code='f'>spa</subfield><subfield code='g'>cl</subfield><subfield code='h'>0</subfield><subfield code='i'>1</subfield></datafield><datafield ind1=' ' ind2=' ' tag='035'><subfield code='a'>(OCoLC)904444658</subfield></datafield><datafield ind1='8' ind2=' ' tag='852'><subfield code='h'>ReCAP 15-13723</subfield><subfield code='0'>8458645</subfield><subfield code='b'>scsbnypl</subfield></datafield><datafield ind1=' ' ind2=' ' tag='876'><subfield code='0'>8458645</subfield><subfield code='a'>13836394</subfield><subfield code='j'>Available</subfield><subfield code='p'>33433114694296</subfield><subfield code='t'>1</subfield><subfield code='x'>Shared</subfield><subfield code='z'>NA</subfield><subfield code='l'>RECAP</subfield></datafield></record>