
<record><leader>00000cam a2200397Ia 4500</leader><controlfield tag='001'>SCSB-11528180</controlfield><controlfield tag='005'>20060928093222.0</controlfield><controlfield tag='008'>060512s2006    au a     b    001 0 eng d</controlfield><controlfield tag='009'>990099876410203941</controlfield><datafield ind1='7' ind2=' ' tag='016'><subfield code='a'>976271060</subfield><subfield code='2'>GyFmDB</subfield></datafield><datafield ind1=' ' ind2=' ' tag='020'><subfield code='a'>3706542137 (pbk.)</subfield></datafield><datafield ind1=' ' ind2=' ' tag='020'><subfield code='a'>9783706542135</subfield></datafield><datafield ind1=' ' ind2=' ' tag='035'><subfield code='a'>(OCoLC)68803978</subfield></datafield><datafield ind1=' ' ind2=' ' tag='040'><subfield code='a'>OHX</subfield><subfield code='c'>OHX</subfield><subfield code='d'>NYP</subfield><subfield code='d'>ZCU</subfield><subfield code='d'>BAKER</subfield><subfield code='d'>CUS</subfield></datafield><datafield ind1='0' ind2=' ' tag='041'><subfield code='a'>eng</subfield><subfield code='b'>ger</subfield><subfield code='b'>spa</subfield></datafield><datafield ind1=' ' ind2=' ' tag='043'><subfield code='a'>cl-----</subfield><subfield code='a'>e-au---</subfield></datafield><datafield ind1=' ' ind2='4' tag='050'><subfield code='a'>F1416.A9</subfield><subfield code='b'>T73 2006</subfield></datafield><datafield ind1=' ' ind2='7' tag='072'><subfield code='a'>JZ</subfield><subfield code='2'>lcco</subfield></datafield><datafield ind1=' ' ind2='7' tag='072'><subfield code='a'>DB</subfield><subfield code='2'>lcco</subfield></datafield><datafield ind1=' ' ind2=' ' tag='090'><subfield code='a'>F1416.A9</subfield><subfield code='b'>T73 2006</subfield></datafield><datafield ind1='0' ind2='0' tag='245'><subfield code='a'>Transatlantic relations :</subfield><subfield code='b'>Austria and Latin America in the 19th and 20th centuries /</subfield><subfield code='c'>Klaus Eisterer, Günter Bischof (editors).</subfield></datafield><datafield ind1=' ' ind2=' ' tag='260'><subfield code='a'>Innsbruck :</subfield><subfield code='b'>StudienVerlag,</subfield><subfield code='c'>2006.</subfield></datafield><datafield ind1=' ' ind2=' ' tag='300'><subfield code='a'>332 p. :</subfield><subfield code='b'>ill., maps ;</subfield><subfield code='c'>24 cm.</subfield></datafield><datafield ind1='1' ind2=' ' tag='490'><subfield code='a'>Transatlantica ;</subfield><subfield code='v'>v. 1</subfield></datafield><datafield ind1=' ' ind2=' ' tag='504'><subfield code='a'>Includes bibliographical references and index.</subfield></datafield><datafield ind1=' ' ind2=' ' tag='546'><subfield code='a'>Includes German and Spanish summaries.</subfield></datafield><datafield ind1='0' ind2=' ' tag='505'><subfield code='a'>Latin American studies in Austria during the twentieth century / Gerhard Drekonja-Kornat -- &quot;The centuries will not obliterate her memory&quot; : empress Leopoldine and her significance for Brazil / Claudia Reichl-Ham -- Austrians in Mexico, 1864-1867 / Erwin A. Schmidl -- Austrian explorers in Latin America in the nineteenth century / Christa Riedl-Dorn -- Austria (-Hungary) and her consulates South of the Rio Grande (1828-1918) : a survey / Rudolf Agstner -- Austrian emigration to Latin America between World War I and World War II / Ursula Prutsch -- Dreizehnlinden -- an Austrian immigration settlement in Brazil during the great depression / Katrin Achrainer -- The committee for the protection of Austrian interests in Brazil (1943-1945) / Klaus Eisterer -- The missed-friendship : Austria and Mexico, 1901-1956 / Stefan A. Muller -- &quot;The cape of last hope&quot; : the postwar flight of Nazi War criminals through South Tyrol/Italy to South America / Gerald Steinacher -- The Austro-Chilean solidarity front, 1973-1990 / Herbert Berger -- Austria&apos;s solidarity with Sandinista Nicaragua, 1979-1990 / Margit Franz -- The reception of Latin American films in Austria, 1960-2005 / Franz Grafl -- The German response to Latin American boom literature / Eva Maria Stehlik.</subfield></datafield><datafield ind1=' ' ind2='0' tag='651'><subfield code='a'>Latin America</subfield><subfield code='x'>Relations</subfield><subfield code='z'>Austria.</subfield></datafield><datafield ind1=' ' ind2='0' tag='651'><subfield code='a'>Austria</subfield><subfield code='x'>Relations</subfield><subfield code='z'>Latin America.</subfield></datafield><datafield ind1=' ' ind2='0' tag='650'><subfield code='a'>Austrians</subfield><subfield code='z'>Latin America</subfield><subfield code='x'>History.</subfield></datafield><datafield ind1=' ' ind2='7' tag='655'><subfield code='a'>History</subfield><subfield code='2'>fast</subfield></datafield><datafield ind1='1' ind2=' ' tag='700'><subfield code='a'>Eisterer, Klaus.</subfield></datafield><datafield ind1='1' ind2=' ' tag='700'><subfield code='a'>Bischof, Guenter,</subfield><subfield code='d'>1953-</subfield></datafield><datafield ind1='0' ind2='8' tag='776'><subfield code='i'>Online version:</subfield><subfield code='t'>Transatlantic relations.</subfield><subfield code='d'>Innsbruck : StudienVerlag, 2006</subfield><subfield code='w'>(OCoLC)607831960</subfield></datafield><datafield ind1=' ' ind2='0' tag='830'><subfield code='a'>Transatlantica (Innsbruck, Austria) ;</subfield><subfield code='v'>v. 1.</subfield></datafield><datafield ind1='1' ind2=' ' tag='583'><subfield code='a'>committed to retain</subfield><subfield code='c'>20181001</subfield><subfield code='d'>in perpetuity</subfield><subfield code='f'>ReCAP Shared Collection</subfield><subfield code='5'>HUL</subfield><subfield code='8'>222109583070003941</subfield></datafield><datafield ind1='0' ind2=' ' tag='852'><subfield code='c'>HD</subfield><subfield code='h'>F1416.A9</subfield><subfield code='i'>T73 2006</subfield><subfield code='0'>12339595</subfield><subfield code='b'>scsbhl</subfield></datafield><datafield ind1=' ' ind2=' ' tag='876'><subfield code='0'>12339595</subfield><subfield code='a'>18112415</subfield><subfield code='h'> </subfield><subfield code='j'>Available</subfield><subfield code='k'>WID</subfield><subfield code='p'>32044089675730</subfield><subfield code='x'>Shared</subfield><subfield code='z'>HW</subfield><subfield code='l'>HD</subfield></datafield></record>