
<record><leader>01212cam a2200253I  4500</leader><controlfield tag='001'>SCSB-7987872</controlfield><controlfield tag='003'>OCoLC</controlfield><controlfield tag='005'>20000629185635.0</controlfield><controlfield tag='008'>790606s1843    nyu           000 0 eng  </controlfield><controlfield tag='009'>.b130293416</controlfield><datafield ind1=' ' ind2=' ' tag='010'><subfield code='a'>02006785</subfield></datafield><datafield ind1=' ' ind2=' ' tag='040'><subfield code='a'>DLC</subfield><subfield code='c'>CLE</subfield><subfield code='d'>SER</subfield><subfield code='d'>NYP</subfield><subfield code='d'>WaOLN</subfield></datafield><datafield ind1=' ' ind2=' ' tag='049'><subfield code='a'>NYPG</subfield></datafield><datafield ind1='0' ind2='0' tag='050'><subfield code='a'>E154</subfield><subfield code='b'>.H33</subfield></datafield><datafield ind1='1' ind2=' ' tag='100'><subfield code='a'>Haskel, Daniel,</subfield><subfield code='d'>1784-1848.</subfield><subfield code='4'>com</subfield></datafield><datafield ind1='1' ind2='2' tag='245'><subfield code='a'>A complete descriptive and statistical gazetteer of the United States of America ...</subfield><subfield code='b'>with an abstract of the census and statistics for 1840, exhibiting a complete view of the agricultural, commercial, manufacturing, and literary condition and resources of the country.</subfield><subfield code='c'>By Daniel Haskel ... and J. Calvin Smith ...</subfield></datafield><datafield ind1=' ' ind2=' ' tag='260'><subfield code='a'>New York,</subfield><subfield code='b'>Sherman &amp; Smith,</subfield><subfield code='c'>1843.</subfield></datafield><datafield ind1=' ' ind2=' ' tag='300'><subfield code='a'>752 p.</subfield><subfield code='c'>24 cm.</subfield></datafield><datafield ind1=' ' ind2='0' tag='651'><subfield code='a'>United States</subfield><subfield code='v'>Gazetteers.</subfield></datafield><datafield ind1='1' ind2=' ' tag='700'><subfield code='a'>Smith, J. Calvin</subfield><subfield code='q'>(John Calvin)</subfield></datafield><datafield ind1=' ' ind2=' ' tag='907'><subfield code='a'>.b130293416</subfield><subfield code='c'>m</subfield><subfield code='d'>a</subfield><subfield code='e'>-</subfield><subfield code='f'>eng</subfield><subfield code='g'>nyu</subfield><subfield code='h'>2</subfield><subfield code='i'>1</subfield></datafield><datafield ind1=' ' ind2=' ' tag='035'><subfield code='a'>(OCoLC)5040682</subfield></datafield><datafield ind1=' ' ind2=' ' tag='901'><subfield code='a'>2208c5f6-2315-4e04-af46-96dd84d4b77d</subfield><subfield code='b'>13</subfield><subfield code='c'>false</subfield></datafield><datafield ind1='8' ind2=' ' tag='852'><subfield code='h'>KNC (Haskel, D. Complete descriptive and statistical gazetteer of the United States. 1843)</subfield><subfield code='0'>8130696</subfield><subfield code='b'>scsbnypl</subfield></datafield><datafield ind1=' ' ind2=' ' tag='876'><subfield code='0'>8130696</subfield><subfield code='a'>13371971</subfield><subfield code='h'>In Library Use</subfield><subfield code='j'>Available</subfield><subfield code='p'>33433002609257</subfield><subfield code='t'>1</subfield><subfield code='x'>Open</subfield><subfield code='z'>NA</subfield><subfield code='l'>RECAP</subfield></datafield></record>