
<record><leader>00931nam a2200277I  4500</leader><controlfield tag='001'>SCSB-11361577</controlfield><controlfield tag='005'>20020606093309.7</controlfield><controlfield tag='008'>841004s1889    maua          000 1 eng  </controlfield><controlfield tag='009'>990029794050203941</controlfield><datafield ind1=' ' ind2=' ' tag='010'><subfield code='a'>^^^06042821^</subfield></datafield><datafield ind1=' ' ind2=' ' tag='035'><subfield code='a'>(OCoLC)11227755</subfield></datafield><datafield ind1=' ' ind2=' ' tag='040'><subfield code='a'>DLC</subfield><subfield code='c'>CSG</subfield><subfield code='d'>m/c</subfield><subfield code='d'>HLS</subfield></datafield><datafield ind1='1' ind2=' ' tag='041'><subfield code='a'>eng</subfield><subfield code='h'>fre</subfield></datafield><datafield ind1=' ' ind2=' ' tag='043'><subfield code='a'>e-fr---</subfield></datafield><datafield ind1=' ' ind2=' ' tag='050'><subfield code='a'>PZ3.D89</subfield><subfield code='b'>Cou6</subfield></datafield><datafield ind1='1' ind2=' ' tag='100'><subfield code='a'>Dumas, Alexandre,</subfield><subfield code='d'>1802-1870</subfield></datafield><datafield ind1='1' ind2='0' tag='240'><subfield code='a'>Comte de Monte-Cristo.</subfield><subfield code='l'>English</subfield></datafield><datafield ind1='1' ind2='4' tag='245'><subfield code='a'>The Count of Monte Cristo.</subfield><subfield code='c'>By Alexandre Dumas.</subfield></datafield><datafield ind1=' ' ind2=' ' tag='260'><subfield code='a'>Boston :</subfield><subfield code='b'>Little, Brown,</subfield><subfield code='c'>1889.</subfield></datafield><datafield ind1=' ' ind2=' ' tag='300'><subfield code='a'>4 v.</subfield><subfield code='b'>fronts.</subfield><subfield code='c'>18 cm.</subfield></datafield><datafield ind1=' ' ind2=' ' tag='500'><subfield code='a'>Written in collaboration with A. Maquet and possibly P. A. Fiorentiono.</subfield></datafield><datafield ind1=' ' ind2='0' tag='651'><subfield code='a'>France</subfield><subfield code='y'>19th century</subfield><subfield code='x'>Adventure</subfield><subfield code='x'>Historical fiction.</subfield></datafield><datafield ind1=' ' ind2='7' tag='648'><subfield code='a'>1800-1899</subfield><subfield code='2'>fast</subfield></datafield><datafield ind1=' ' ind2='7' tag='655'><subfield code='a'>Historical fiction</subfield><subfield code='2'>fast</subfield><subfield code='0'>(OCoLC)fst01726640</subfield></datafield><datafield ind1='1' ind2=' ' tag='700'><subfield code='a'>Maquet, Auguste,</subfield><subfield code='d'>1813-1888</subfield><subfield code='e'>joint author.</subfield></datafield><datafield ind1='1' ind2=' ' tag='700'><subfield code='a'>Fiorentino, Pier Angelo,</subfield><subfield code='d'>1811-1864</subfield><subfield code='e'>joint author.</subfield></datafield><datafield ind1='1' ind2=' ' tag='700'><subfield code='a'>Maquet, Auguste,</subfield><subfield code='d'>1813-1888,</subfield><subfield code='e'>author.</subfield></datafield><datafield ind1='1' ind2=' ' tag='700'><subfield code='a'>Fiorentino, Pier Angelo,</subfield><subfield code='d'>1811-1864</subfield><subfield code='e'>author.</subfield></datafield><datafield ind1='0' ind2='8' tag='776'><subfield code='i'>Online version:</subfield><subfield code='a'>Dumas, Alexandre, 1802-1870.</subfield><subfield code='s'>Comte de Monte-Cristo. English.</subfield><subfield code='t'>Count of Monte Cristo.</subfield><subfield code='d'>Boston, Little, Brown, 1889</subfield><subfield code='w'>(OCoLC)654296181</subfield></datafield><datafield ind1='1' ind2=' ' tag='583'><subfield code='a'>committed to retain</subfield><subfield code='c'>20181001</subfield><subfield code='d'>in perpetuity</subfield><subfield code='f'>ReCAP Shared Collection</subfield><subfield code='5'>HUL</subfield><subfield code='8'>221872010780003941</subfield></datafield><datafield ind1=' ' ind2='0' tag='966'><subfield code='8'>0</subfield><subfield code='a'>4 v.</subfield><subfield code='8'>221872010780003941</subfield></datafield><datafield ind1='7' ind2=' ' tag='852'><subfield code='2'>ZHCL</subfield><subfield code='c'>HD</subfield><subfield code='h'>41538.16.7</subfield><subfield code='z'>Consult Cir. Desk for v.1=HWJZAX, v.2=HWJZBM, v.3=HWMCP1, v.4=HWJZCC</subfield><subfield code='0'>12168231</subfield><subfield code='b'>scsbhl</subfield></datafield><datafield ind1=' ' ind2=' ' tag='876'><subfield code='0'>12168231</subfield><subfield code='3'>v.2</subfield><subfield code='a'>17934582</subfield><subfield code='h'> </subfield><subfield code='j'>Available</subfield><subfield code='k'>WID</subfield><subfield code='p'>HWJZBM</subfield><subfield code='x'>Shared</subfield><subfield code='z'>HW</subfield><subfield code='l'>HD</subfield></datafield><datafield ind1=' ' ind2=' ' tag='876'><subfield code='0'>12168231</subfield><subfield code='3'>v.1</subfield><subfield code='a'>17934583</subfield><subfield code='h'> </subfield><subfield code='j'>Available</subfield><subfield code='k'>WID</subfield><subfield code='p'>HWJZAX</subfield><subfield code='x'>Shared</subfield><subfield code='z'>HW</subfield><subfield code='l'>HD</subfield></datafield><datafield ind1=' ' ind2=' ' tag='876'><subfield code='0'>12168231</subfield><subfield code='3'>v.4</subfield><subfield code='a'>17934584</subfield><subfield code='h'> </subfield><subfield code='j'>Available</subfield><subfield code='k'>WID</subfield><subfield code='p'>HWJZCC</subfield><subfield code='x'>Shared</subfield><subfield code='z'>HW</subfield><subfield code='l'>HD</subfield></datafield><datafield ind1='7' ind2=' ' tag='852'><subfield code='2'>ZHCL</subfield><subfield code='c'>HD</subfield><subfield code='h'>KPD 3383</subfield><subfield code='0'>12168232</subfield><subfield code='b'>scsbhl</subfield></datafield><datafield ind1=' ' ind2=' ' tag='876'><subfield code='0'>12168232</subfield><subfield code='3'>v.3</subfield><subfield code='a'>17934585</subfield><subfield code='h'> </subfield><subfield code='j'>Available</subfield><subfield code='k'>WID</subfield><subfield code='p'>HN2QLH</subfield><subfield code='x'>Shared</subfield><subfield code='z'>HW</subfield><subfield code='l'>HD</subfield></datafield><datafield ind1=' ' ind2=' ' tag='876'><subfield code='0'>12168232</subfield><subfield code='3'>v.2</subfield><subfield code='a'>17934586</subfield><subfield code='h'> </subfield><subfield code='j'>Available</subfield><subfield code='k'>WID</subfield><subfield code='p'>HN2QLI</subfield><subfield code='x'>Shared</subfield><subfield code='z'>HW</subfield><subfield code='l'>HD</subfield></datafield><datafield ind1=' ' ind2=' ' tag='876'><subfield code='0'>12168232</subfield><subfield code='3'>v.1</subfield><subfield code='a'>17934587</subfield><subfield code='h'> </subfield><subfield code='j'>Available</subfield><subfield code='k'>WID</subfield><subfield code='p'>HN2QLJ</subfield><subfield code='x'>Shared</subfield><subfield code='z'>HW</subfield><subfield code='l'>HD</subfield></datafield></record>