
<record><leader>04906cam a2200493 a 4500</leader><controlfield tag='001'>SCSB-5506095</controlfield><controlfield tag='003'>NNC</controlfield><controlfield tag='005'>20221206002620.0</controlfield><controlfield tag='008'>090603s2009    njuab    b    011 0 eng  </controlfield><controlfield tag='009'>7612652</controlfield><datafield ind1=' ' ind2=' ' tag='010'><subfield code='a'>  2009022819</subfield></datafield><datafield ind1=' ' ind2=' ' tag='020'><subfield code='a'>9780876615423 (pbk. : alk. paper)</subfield></datafield><datafield ind1=' ' ind2=' ' tag='020'><subfield code='a'>0876615426 (pbk. : alk. paper)</subfield></datafield><datafield ind1=' ' ind2=' ' tag='035'><subfield code='a'>(OCoLC)ocn391388396</subfield></datafield><datafield ind1=' ' ind2=' ' tag='035'><subfield code='a'>(OCoLC)391388396</subfield></datafield><datafield ind1=' ' ind2=' ' tag='035'><subfield code='a'>(NNC)7612652</subfield></datafield><datafield ind1=' ' ind2=' ' tag='035'><subfield code='a'>7612652</subfield></datafield><datafield ind1=' ' ind2=' ' tag='040'><subfield code='a'>DLC</subfield><subfield code='c'>DLC</subfield><subfield code='d'>C#P</subfield><subfield code='d'>BWX</subfield><subfield code='d'>OCLCA</subfield><subfield code='d'>OrLoB-B</subfield></datafield><datafield ind1=' ' ind2=' ' tag='043'><subfield code='a'>e-gr---</subfield></datafield><datafield ind1='0' ind2='0' tag='050'><subfield code='a'>DF221.C8</subfield><subfield code='b'>A734 2009</subfield></datafield><datafield ind1='0' ind2='0' tag='082'><subfield code='a'>939/.1801</subfield><subfield code='2'>22</subfield></datafield><datafield ind1='0' ind2='0' tag='245'><subfield code='a'>Archaeologies of cult :</subfield><subfield code='b'>essays on ritual and cult in Crete in honor of Geraldine C. Gesell /</subfield><subfield code='c'>edited by Anna Lucia D&apos;Agata and Aleydis Van de Moortel.</subfield></datafield><datafield ind1=' ' ind2=' ' tag='260'><subfield code='a'>Princeton, N.J. :</subfield><subfield code='b'>American School of Classical Studies at Athens,</subfield><subfield code='c'>2009.</subfield></datafield><datafield ind1=' ' ind2=' ' tag='300'><subfield code='a'>xxix, 321 pages :</subfield><subfield code='b'>illustrations, maps ;</subfield><subfield code='c'>28 cm.</subfield></datafield><datafield ind1=' ' ind2=' ' tag='336'><subfield code='a'>text</subfield><subfield code='b'>txt</subfield><subfield code='2'>rdacontent</subfield></datafield><datafield ind1=' ' ind2=' ' tag='337'><subfield code='a'>unmediated</subfield><subfield code='b'>n</subfield><subfield code='2'>rdamedia</subfield></datafield><datafield ind1='1' ind2=' ' tag='490'><subfield code='a'>Hesperia supplement,</subfield><subfield code='x'>1064-1173 ;</subfield><subfield code='v'>42</subfield></datafield><datafield ind1=' ' ind2=' ' tag='504'><subfield code='a'>Includes bibliographical references and index.</subfield></datafield><datafield ind1='0' ind2='0' tag='505'><subfield code='t'>Foreword /</subfield><subfield code='r'>James D. Muhly --</subfield><subfield code='t'>Preface /</subfield><subfield code='r'>Aleydis Van de Moortel and Anna Lucia D&apos;Agata --</subfield><subfield code='t'>Biography of Geraldine C. Gesell /</subfield><subfield code='r'>M. B. Richardson --</subfield><subfield code='t'>Bibliography of Geraldine C. Gesell --</subfield><subfield code='g'>Introduction.</subfield><subfield code='t'>How Many Archaeologies of Cult? /</subfield><subfield code='r'>Anna Lucia D&apos;Agata --</subfield><subfield code='g'>Pt. I.</subfield><subfield code='t'>Ritual and Religion --</subfield><subfield code='g'>Ch. 1.</subfield><subfield code='t'>Gods in the House? Religious Rituals in the Settlements of South Central Crete /</subfield><subfield code='r'>Joanne M. A. Murphy --</subfield><subfield code='g'>Ch. 2.</subfield><subfield code='t'>Structured Deposition as Ritual Action at Knossos /</subfield><subfield code='r'>Eleni Hatzaki --</subfield><subfield code='g'>Ch. 3.</subfield><subfield code='t'>Special, Ritual, Or Cultic: A Case Study from Malia /</subfield><subfield code='r'>Pascal Darcque and Aleydis Van de Moortel --</subfield><subfield code='g'>Ch. 4.</subfield><subfield code='t'>Tree Tugging and Omphalos Hugging on Minoan Gold Rings /</subfield><subfield code='r'>John G. Younger --</subfield><subfield code='g'>Ch. 5.</subfield><subfield code='t'>&quot;Why All This About Oak Or Stone?&quot;: Trees and Boulders in Minoan Religion /</subfield><subfield code='r'>Lucy Goodison --</subfield><subfield code='g'>Ch. 6.</subfield><subfield code='t'>Harvest Rites and Corn Dollies in the Bronze Age Aegean /</subfield><subfield code='r'>Anaya Sarpaki --</subfield><subfield code='g'>Pt. II.</subfield><subfield code='t'>Places of Cult --</subfield><subfield code='g'>Ch. 7.</subfield><subfield code='t'>Cult Activity at Malia in the Protopalatial Period /</subfield><subfield code='r'>Jean-Claude Poursat --</subfield><subfield code='g'>Ch. 8.</subfield><subfield code='t'>Does the Widespread Cult Activity at Palaikastro Call for a Special Explanation? /</subfield><subfield code='r'>T. F. Cunningham and L. H. Sackett --</subfield><subfield code='g'>Ch. 9.</subfield><subfield code='t'>Rethinking the Tomb of the Double Axes at Isopata, Knossos /</subfield><subfield code='r'>Lucia Alberti --</subfield><subfield code='g'>Ch. 10.</subfield><subfield code='t'>Domestic Shrines in Late Minoan Iiia2-Late Minoan Iiic Crete: Fact Or Fiction? /</subfield><subfield code='r'>Birgitta P. Hallager --</subfield><subfield code='g'>Ch. 11.</subfield><subfield code='t'>Goddesses for &quot;Gene&quot;? The Late Minoan Iiic Shrine at Halasmenos, Ierapetra /</subfield><subfield code='r'>Metaxia Tsipopoulou --</subfield><subfield code='g'>Ch. 12.</subfield><subfield code='t'>Ritual Activity at Karphi: A Reappraisal /</subfield><subfield code='r'>Leslie Preston Day --</subfield><subfield code='g'>Ch. 13.</subfield><subfield code='t'>From Kavousi Vronda to Dreros: Architecture and Display in Cretan Cult Buildings /</subfield><subfield code='r'>Nancy L. Klein and Kevin T. Glowacki --</subfield><subfield code='g'>Ch. 14.</subfield><subfield code='t'>Additions to the Corpus of Early Cretan Figurines: Was There a Nude Goddess in Early Minoan Crete? /</subfield><subfield code='r'>Philip P. Betancourt --</subfield><subfield code='g'>Ch. 15.</subfield><subfield code='t'>Configuring the Individual: Bodies of Figurines in Minoan Crete /</subfield><subfield code='r'>Christine Morris --</subfield><subfield code='g'>Ch. 16.</subfield><subfield code='t'>A Neopalatial Shrine Model from the Minoan Peak Sanctuary at Gournos Krousonas /</subfield><subfield code='r'>George Rethemiotakis --</subfield><subfield code='g'>Ch. 17.</subfield><subfield code='t'>Tubular Stands in Neopalatial Crete /</subfield><subfield code='r'>Gerald Cadogan --</subfield><subfield code='g'>Ch. 18.</subfield><subfield code='t'>Does Size Matter? Miniature Pottery Vessels in Minoan Peak Sanctuaries /</subfield><subfield code='r'>Iphiyenia Tournavitou --</subfield><subfield code='g'>Ch. 19.</subfield><subfield code='t'>The Survival of the Goddess With Upraised Arms: Early Iron Age Representations and Contexts /</subfield><subfield code='r'>Mieke Prent --</subfield><subfield code='g'>Pt. IV.</subfield><subfield code='t'>Sacred Landscapes --</subfield><subfield code='g'>Ch. 20.</subfield><subfield code='t'>Environmental Change and Minoan Sacred Landscapes /</subfield><subfield code='r'>Jennifer Moody --</subfield><subfield code='g'>Ch. 21.</subfield><subfield code='t'>The Topography of Minoan Peak Sanctuaries Revisited /</subfield><subfield code='r'>Alan Peatfield --</subfield><subfield code='g'>Ch. 22.</subfield><subfield code='t'>Juktas and Kophinas: Two Ritual Landscapes Out of the Ordinary /</subfield><subfield code='r'>Steven Soetens --</subfield><subfield code='g'>Ch. 23.</subfield><subfield code='t'>Investigating Minoan Sacred Landscapes /</subfield><subfield code='r'>Lucia Nixon --</subfield><subfield code='g'>Pt. V.</subfield><subfield code='t'>Continuity in Context --</subfield><subfield code='g'>Ch. 24.</subfield><subfield code='t'>The Chimera of Continuity: What Would &quot;Continuity of Cult&quot; Actually Demonstrate? /</subfield><subfield code='r'>James Whitley.</subfield></datafield><datafield ind1=' ' ind2='0' tag='651'><subfield code='a'>Crete (Greece)</subfield><subfield code='x'>Antiquities.</subfield><subfield code='0'>http://id.loc.gov/authorities/subjects/sh85033942</subfield></datafield><datafield ind1=' ' ind2='0' tag='651'><subfield code='a'>Crete (Greece)</subfield><subfield code='x'>Religious life and customs.</subfield></datafield><datafield ind1=' ' ind2='0' tag='651'><subfield code='a'>Crete (Greece)</subfield><subfield code='x'>Social life and customs.</subfield></datafield><datafield ind1=' ' ind2='0' tag='650'><subfield code='a'>Bronze age</subfield><subfield code='z'>Greece</subfield><subfield code='z'>Crete.</subfield></datafield><datafield ind1=' ' ind2='0' tag='650'><subfield code='a'>Iron age</subfield><subfield code='z'>Greece</subfield><subfield code='z'>Crete.</subfield></datafield><datafield ind1=' ' ind2='0' tag='650'><subfield code='a'>Rites and ceremonies</subfield><subfield code='z'>Greece</subfield><subfield code='z'>Crete</subfield><subfield code='x'>History.</subfield></datafield><datafield ind1=' ' ind2='0' tag='650'><subfield code='a'>Cults</subfield><subfield code='z'>Greece</subfield><subfield code='z'>Crete</subfield><subfield code='x'>History.</subfield></datafield><datafield ind1=' ' ind2='0' tag='650'><subfield code='a'>Historic buildings</subfield><subfield code='z'>Greece</subfield><subfield code='z'>Crete</subfield><subfield code='x'>History.</subfield></datafield><datafield ind1=' ' ind2='0' tag='650'><subfield code='a'>Material culture</subfield><subfield code='z'>Greece</subfield><subfield code='z'>Crete</subfield><subfield code='x'>History.</subfield></datafield><datafield ind1=' ' ind2='0' tag='650'><subfield code='a'>Landscapes</subfield><subfield code='z'>Greece</subfield><subfield code='z'>Crete</subfield><subfield code='x'>History.</subfield></datafield><datafield ind1='1' ind2=' ' tag='700'><subfield code='a'>D&apos;Agata, Anna Lucia.</subfield><subfield code='0'>http://id.loc.gov/authorities/names/n2002109496</subfield></datafield><datafield ind1='1' ind2=' ' tag='700'><subfield code='a'>Van de Moortel, Aleydis.</subfield><subfield code='0'>http://id.loc.gov/authorities/names/n2009035235</subfield></datafield><datafield ind1='1' ind2=' ' tag='700'><subfield code='a'>Gesell, Geraldine Cornelia.</subfield><subfield code='0'>http://id.loc.gov/authorities/names/n85302514</subfield></datafield><datafield ind1=' ' ind2='0' tag='830'><subfield code='a'>Hesperia (Princeton, N.J.).</subfield><subfield code='p'>Supplement ;</subfield><subfield code='v'>42.</subfield><subfield code='0'>http://id.loc.gov/authorities/names/n42012532</subfield></datafield><datafield ind1='0' ind2='0' tag='852'><subfield code='h'>DF221.C8 A734 2009g</subfield><subfield code='0'>5498937</subfield><subfield code='b'>scsbcul</subfield></datafield><datafield ind1=' ' ind2=' ' tag='876'><subfield code='0'>5498937</subfield><subfield code='a'>8153732</subfield><subfield code='h'>In Library Use</subfield><subfield code='j'>Available</subfield><subfield code='p'>AR00921513</subfield><subfield code='t'>1</subfield><subfield code='x'>Shared</subfield><subfield code='z'>AR</subfield><subfield code='l'>RECAP</subfield></datafield></record>