
<record><leader>01561cam a2200445 a 4500</leader><controlfield tag='001'>SCSB-5331405</controlfield><controlfield tag='003'>NNC</controlfield><controlfield tag='005'>20221122002255.0</controlfield><controlfield tag='008'>070420t20072007gw a          000 0 mul  </controlfield><controlfield tag='009'>6164257</controlfield><datafield ind1=' ' ind2=' ' tag='010'><subfield code='a'>  2007423139</subfield></datafield><datafield ind1='7' ind2=' ' tag='016'><subfield code='a'>982506864</subfield><subfield code='2'>GyFmDB</subfield></datafield><datafield ind1=' ' ind2=' ' tag='020'><subfield code='a'>9783897902640 (pbk.)</subfield></datafield><datafield ind1=' ' ind2=' ' tag='020'><subfield code='a'>3897902648 (pbk.)</subfield></datafield><datafield ind1='1' ind2=' ' tag='029'><subfield code='a'>OHX</subfield><subfield code='b'>har070009698</subfield></datafield><datafield ind1='1' ind2=' ' tag='029'><subfield code='a'>NLGGC</subfield><subfield code='b'>305080687</subfield></datafield><datafield ind1='1' ind2=' ' tag='029'><subfield code='a'>AU@</subfield><subfield code='b'>000042129734</subfield></datafield><datafield ind1=' ' ind2=' ' tag='035'><subfield code='a'>(NNC)6164257</subfield></datafield><datafield ind1=' ' ind2=' ' tag='035'><subfield code='a'>(OCoLC)122260180</subfield></datafield><datafield ind1=' ' ind2=' ' tag='035'><subfield code='a'>(OCoLC)ocn122260180</subfield></datafield><datafield ind1=' ' ind2=' ' tag='035'><subfield code='a'>6164257</subfield></datafield><datafield ind1=' ' ind2=' ' tag='040'><subfield code='a'>DLC</subfield><subfield code='c'>DLC</subfield><subfield code='d'>OHX</subfield><subfield code='d'>BAKER</subfield><subfield code='d'>BTCTA</subfield><subfield code='d'>IWA</subfield><subfield code='d'>YDXCP</subfield></datafield><datafield ind1='0' ind2=' ' tag='041'><subfield code='a'>eng</subfield><subfield code='a'>ger</subfield></datafield><datafield ind1='0' ind2='0' tag='050'><subfield code='a'>GT521</subfield><subfield code='b'>.F37 2007</subfield></datafield><datafield ind1=' ' ind2='7' tag='072'><subfield code='a'>GT</subfield><subfield code='2'>lcco</subfield></datafield><datafield ind1=' ' ind2='7' tag='072'><subfield code='a'>N</subfield><subfield code='2'>lcco</subfield></datafield><datafield ind1='0' ind2='0' tag='245'><subfield code='a'>Fashion body cult =</subfield><subfield code='b'>Mode Körper Kult /</subfield><subfield code='c'>herausgegeben von Elke Bippus und Dorothea Mink ; [translation: Andreas Mink].</subfield></datafield><datafield ind1='3' ind2='1' tag='246'><subfield code='a'>Mode Körper Kult</subfield></datafield><datafield ind1=' ' ind2=' ' tag='260'><subfield code='a'>Stuttgart :</subfield><subfield code='b'>Arnoldsche,</subfield><subfield code='c'>[2007], [©2007]</subfield></datafield><datafield ind1=' ' ind2=' ' tag='300'><subfield code='a'>319 pages :</subfield><subfield code='b'>illustrations (some color) ;</subfield><subfield code='c'>25 cm.</subfield></datafield><datafield ind1=' ' ind2=' ' tag='336'><subfield code='a'>text</subfield><subfield code='b'>txt</subfield><subfield code='2'>rdacontent</subfield></datafield><datafield ind1=' ' ind2=' ' tag='337'><subfield code='a'>unmediated</subfield><subfield code='b'>n</subfield><subfield code='2'>rdamedia</subfield></datafield><datafield ind1='1' ind2=' ' tag='490'><subfield code='a'>Schriftenreihe der Hochschule für Künste Bremen ;</subfield><subfield code='v'>03</subfield></datafield><datafield ind1=' ' ind2='0' tag='650'><subfield code='a'>Fashion.</subfield><subfield code='0'>http://id.loc.gov/authorities/subjects/sh85047377</subfield></datafield><datafield ind1='1' ind2=' ' tag='700'><subfield code='a'>Bippus, Elke.</subfield><subfield code='0'>http://id.loc.gov/authorities/names/no2003086028</subfield></datafield><datafield ind1='1' ind2=' ' tag='700'><subfield code='a'>Mink, Dorothea.</subfield><subfield code='0'>http://id.loc.gov/authorities/names/n2007069772</subfield></datafield><datafield ind1=' ' ind2='0' tag='830'><subfield code='a'>Schriftenreihe ... der Hochschule für Künste Bremen ;</subfield><subfield code='v'>3.</subfield></datafield><datafield ind1='0' ind2='0' tag='852'><subfield code='h'>GT521 .F37 2007</subfield><subfield code='0'>5320025</subfield><subfield code='b'>scsbcul</subfield></datafield><datafield ind1=' ' ind2=' ' tag='876'><subfield code='0'>5320025</subfield><subfield code='a'>7910233</subfield><subfield code='h'>In Library Use</subfield><subfield code='j'>Available</subfield><subfield code='p'>AR00907200</subfield><subfield code='t'>1</subfield><subfield code='x'>Shared</subfield><subfield code='z'>AR</subfield><subfield code='l'>RECAP</subfield></datafield></record>