
<record><leader>04059pam a2200433 a 4500</leader><controlfield tag='001'>SCSB-5218182</controlfield><controlfield tag='003'>NNC</controlfield><controlfield tag='005'>20221110045538.0</controlfield><controlfield tag='008'>050719s2005    nyuabf   b    001 0 eng  </controlfield><controlfield tag='009'>5494735</controlfield><datafield ind1=' ' ind2=' ' tag='010'><subfield code='a'>  2005020527</subfield></datafield><datafield ind1=' ' ind2=' ' tag='020'><subfield code='a'>1591023521 (pbk. : alk. paper)</subfield></datafield><datafield ind1=' ' ind2=' ' tag='035'><subfield code='a'>(OCoLC)OCM61169671</subfield></datafield><datafield ind1=' ' ind2=' ' tag='035'><subfield code='a'>(NNC)5494735</subfield></datafield><datafield ind1=' ' ind2=' ' tag='035'><subfield code='a'>5494735</subfield></datafield><datafield ind1=' ' ind2=' ' tag='040'><subfield code='a'>DLC</subfield><subfield code='c'>DLC</subfield><subfield code='d'>BAKER</subfield><subfield code='d'>C#P</subfield><subfield code='d'>OrLoB-B</subfield></datafield><datafield ind1=' ' ind2=' ' tag='043'><subfield code='a'>n-us---</subfield></datafield><datafield ind1='0' ind2='0' tag='050'><subfield code='a'>PS3523.O833</subfield><subfield code='b'>Z575 2005</subfield></datafield><datafield ind1='0' ind2='0' tag='082'><subfield code='a'>813/.52</subfield><subfield code='2'>22</subfield></datafield><datafield ind1='1' ind2=' ' tag='100'><subfield code='a'>Colavito, Jason.</subfield><subfield code='0'>http://id.loc.gov/authorities/names/n2005052957</subfield></datafield><datafield ind1='1' ind2='4' tag='245'><subfield code='a'>The cult of alien gods :</subfield><subfield code='b'>H.P. Lovecraft and extraterrestrial pop culture /</subfield><subfield code='c'>Jason Colavito.</subfield></datafield><datafield ind1=' ' ind2=' ' tag='260'><subfield code='a'>Amherst, N.Y. :</subfield><subfield code='b'>Prometheus Books,</subfield><subfield code='c'>2005.</subfield></datafield><datafield ind1=' ' ind2=' ' tag='300'><subfield code='a'>398 pages, 8 unnumbered pages of plates :</subfield><subfield code='b'>illustrations, map ;</subfield><subfield code='c'>23 cm</subfield></datafield><datafield ind1=' ' ind2=' ' tag='336'><subfield code='a'>text</subfield><subfield code='b'>txt</subfield><subfield code='2'>rdacontent</subfield></datafield><datafield ind1=' ' ind2=' ' tag='337'><subfield code='a'>unmediated</subfield><subfield code='b'>n</subfield><subfield code='2'>rdamedia</subfield></datafield><datafield ind1=' ' ind2=' ' tag='504'><subfield code='a'>Includes bibliographical references (p. 375-382) and index.</subfield></datafield><datafield ind1='0' ind2='0' tag='505'><subfield code='g'>1.</subfield><subfield code='t'>The crossroads of fact and fiction --</subfield><subfield code='g'>2.</subfield><subfield code='t'>Science and pseudoscience in Lovecraft&apos;s time --</subfield><subfield code='g'>3.</subfield><subfield code='t'>Science fiction and horror before Lovecraft --</subfield><subfield code='g'>4.</subfield><subfield code='t'>The prophet of Providence --</subfield><subfield code='g'>5.</subfield><subfield code='t'>The spread of the Lovecraft circle --</subfield><subfield code='g'>6.</subfield><subfield code='t'>The UFO craze in fact and fiction --</subfield><subfield code='g'>7.</subfield><subfield code='t'>The French connection --</subfield><subfield code='g'>8.</subfield><subfield code='t'>Charioteer of the gods --</subfield><subfield code='g'>9.</subfield><subfield code='t'>The fork in the road --</subfield><subfield code='g'>10.</subfield><subfield code='t'>The Sirius mystery --</subfield><subfield code='g'>11.</subfield><subfield code='t'>The Orion mystery --</subfield><subfield code='g'>12.</subfield><subfield code='t'>Dusting for fingerprints --</subfield><subfield code='g'>13.</subfield><subfield code='t'>The league of extraordinary gentlemen --</subfield><subfield code='g'>14.</subfield><subfield code='t'>Ancestors from Nibiru --</subfield><subfield code='g'>15.</subfield><subfield code='t'>Taking off from Nibiru --</subfield><subfield code='g'>16.</subfield><subfield code='t'>The UFO cults and human cloning --</subfield><subfield code='g'>17.</subfield><subfield code='t'>A modern mythology for troubled times --</subfield><subfield code='g'>App.</subfield><subfield code='t'>A continuum of belief.</subfield></datafield><datafield ind1='1' ind2=' ' tag='520'><subfield code='a'>&quot;Could extraterrestrials have really come to Earth thousands of years ago? Did they bequeath humanity its first civilizations? Were there &quot;ancient astronauts&quot;? For nearly half a century, a flurry of books, movies, and television shows (with more cropping up each year) have said yes, over the objections of scientists, educators, and archaeologists.&quot; &quot;In The Cult of Alien Gods, author Jason Colavito reveals for the first time that the theory that aliens visited Earth in the ancient past - and may even have genetically engineered humankind - began not as science fact but as science fiction in the work of master horror writer H. P. Lovecraft (1890-1937). This comprehensive survey examines Lovecraft&apos;s body of work as well as his influence on maverick historians, occultists, pop culture, and a modern UFO cult trying to clone a human being an orders from the &quot;aliens.&quot;&quot; &quot;From flying saucers to lost civilizations, The Cult of Alien Gods also explores the decline of reason and the dramatic challenges that rocked science over the past century. Lovecraft created the first ancient-astronaut story in 1926, and the saga of how his fictional aliens - his &quot;sheer fun&quot; - became a powerful threat to mainstream science rivals the ancient-astronaut theory itself for sheer outrageous improbability. Only, this story is true.&quot;--BOOK JACKET.</subfield></datafield><datafield ind1='1' ind2='0' tag='600'><subfield code='a'>Lovecraft, H. P.</subfield><subfield code='q'>(Howard Phillips),</subfield><subfield code='d'>1890-1937</subfield><subfield code='x'>Criticism and interpretation.</subfield></datafield><datafield ind1='1' ind2='0' tag='600'><subfield code='a'>Lovecraft, H. P.</subfield><subfield code='q'>(Howard Phillips),</subfield><subfield code='d'>1890-1937</subfield><subfield code='x'>Appreciation</subfield><subfield code='z'>United States.</subfield></datafield><datafield ind1='1' ind2='0' tag='600'><subfield code='a'>Lovecraft, H. P.</subfield><subfield code='q'>(Howard Phillips),</subfield><subfield code='d'>1890-1937</subfield><subfield code='x'>Influence.</subfield></datafield><datafield ind1=' ' ind2='0' tag='650'><subfield code='a'>Popular culture</subfield><subfield code='z'>United States</subfield><subfield code='x'>History</subfield><subfield code='y'>20th century.</subfield><subfield code='0'>http://id.loc.gov/authorities/subjects/sh2008109606</subfield></datafield><datafield ind1=' ' ind2='0' tag='650'><subfield code='a'>Horror tales, American</subfield><subfield code='x'>History and criticism.</subfield><subfield code='0'>http://id.loc.gov/authorities/subjects/sh2008105767</subfield></datafield><datafield ind1=' ' ind2='0' tag='650'><subfield code='a'>Life on other planets in literature.</subfield><subfield code='0'>http://id.loc.gov/authorities/subjects/sh94006258</subfield></datafield><datafield ind1=' ' ind2='0' tag='650'><subfield code='a'>Human-alien encounters in literature.</subfield><subfield code='0'>http://id.loc.gov/authorities/subjects/sh2005004724</subfield></datafield><datafield ind1='0' ind2='0' tag='600'><subfield code='a'>Cthulhu</subfield><subfield code='c'>(Fictitious character)</subfield><subfield code='0'>http://id.loc.gov/authorities/names/no2017024148</subfield></datafield><datafield ind1=' ' ind2='0' tag='650'><subfield code='a'>Gods in literature.</subfield><subfield code='0'>http://id.loc.gov/authorities/subjects/sh85055652</subfield></datafield><datafield ind1='0' ind2='0' tag='852'><subfield code='h'>PS3523.O833 Z575 2005</subfield><subfield code='0'>5204265</subfield><subfield code='b'>scsbcul</subfield></datafield><datafield ind1=' ' ind2=' ' tag='876'><subfield code='0'>5204265</subfield><subfield code='a'>7777277</subfield><subfield code='h'> </subfield><subfield code='j'>Available</subfield><subfield code='p'>CU11814764</subfield><subfield code='t'>1</subfield><subfield code='x'>Shared</subfield><subfield code='z'>CU</subfield><subfield code='l'>RECAP</subfield></datafield></record>