
<record><leader>00000cam a2200385 a 4500</leader><controlfield tag='001'>SCSB-12724041</controlfield><controlfield tag='005'>20160409220555.0</controlfield><controlfield tag='008'>060328s2007    nyua     b    001 0 eng  </controlfield><controlfield tag='009'>990101661740203941</controlfield><datafield ind1=' ' ind2=' ' tag='010'><subfield code='a'>^^2006045301</subfield></datafield><datafield ind1=' ' ind2=' ' tag='020'><subfield code='a'>0195178785 (alk. paper)</subfield></datafield><datafield ind1=' ' ind2=' ' tag='020'><subfield code='a'>9780195178784 (alk. paper)</subfield></datafield><datafield ind1='3' ind2=' ' tag='024'><subfield code='a'>9780195178784</subfield></datafield><datafield ind1=' ' ind2=' ' tag='035'><subfield code='a'>(OCoLC)65521633</subfield><subfield code='z'>(OCoLC)1063881609</subfield><subfield code='z'>(OCoLC)1071182351</subfield><subfield code='z'>(OCoLC)1080799668</subfield><subfield code='z'>(OCoLC)1081057087</subfield><subfield code='z'>(OCoLC)1083405940</subfield><subfield code='z'>(OCoLC)1084847755</subfield><subfield code='z'>(OCoLC)1084935790</subfield><subfield code='z'>(OCoLC)1089468914</subfield><subfield code='z'>(OCoLC)1201941315</subfield></datafield><datafield ind1=' ' ind2=' ' tag='040'><subfield code='a'>DLC</subfield><subfield code='c'>DLC</subfield><subfield code='d'>BAKER</subfield><subfield code='d'>C#P</subfield><subfield code='d'>OMB</subfield><subfield code='d'>STJ</subfield><subfield code='d'>BTCTA</subfield></datafield><datafield ind1=' ' ind2=' ' tag='043'><subfield code='a'>n-us---</subfield></datafield><datafield ind1='0' ind2='0' tag='050'><subfield code='a'>BF697.5.B63</subfield><subfield code='b'>H47 2007</subfield></datafield><datafield ind1='0' ind2='0' tag='060'><subfield code='a'>2007 A-594</subfield></datafield><datafield ind1='1' ind2='0' tag='060'><subfield code='a'>BF 697.5.B63</subfield><subfield code='b'>H587c 2007</subfield></datafield><datafield ind1='0' ind2='0' tag='082'><subfield code='a'>306.4/613</subfield><subfield code='2'>22</subfield></datafield><datafield ind1='1' ind2=' ' tag='100'><subfield code='a'>Hesse-Biber, Sharlene Nagy.</subfield></datafield><datafield ind1='1' ind2='4' tag='245'><subfield code='a'>The cult of thinness /</subfield><subfield code='c'>Sharlene Nagy Hesse-Biber.</subfield></datafield><datafield ind1=' ' ind2=' ' tag='250'><subfield code='a'>2nd ed.</subfield></datafield><datafield ind1=' ' ind2=' ' tag='260'><subfield code='a'>New York :</subfield><subfield code='b'>Oxford Unviersity Press,</subfield><subfield code='c'>2007.</subfield></datafield><datafield ind1=' ' ind2=' ' tag='300'><subfield code='a'>xi, 271 p. :</subfield><subfield code='b'>ill. ;</subfield><subfield code='c'>21 cm.</subfield></datafield><datafield ind1=' ' ind2=' ' tag='500'><subfield code='a'>Rev. ed. of: Am I thin enough yet? 1996.</subfield></datafield><datafield ind1=' ' ind2=' ' tag='504'><subfield code='a'>Includes bibliographical references and index.</subfield></datafield><datafield ind1='0' ind2=' ' tag='505'><subfield code='a'>A cult grows in America -- Men and women: mind and body -- Selling the body beautiful: food, dieting, and recovery -- There&apos;s no business like the body business: fitness and cosmetic surgery -- Becoming a certain body -- Joining the cult of thinness -- How young women experience being a body in their families, peer groups, and school environments -- New recruits for the cult of thinness: preteen girls, adolescents, straight men, gays, lesbians, and ethnic women -- Breaking free from the cult of thinness.</subfield></datafield><datafield ind1='1' ind2=' ' tag='520'><subfield code='a'>&quot;Hesse-Biber goes beyond traditional psychological explanations of eating disorders to level a powerful indictment against the social, political, and economic pressures women face in a weight-obsessed society - a society that is, ironically, becoming increasingly more fat while worshipping a progressively more thin ideal. Hesse-Biber examines the profit motives of corporate America that promote this paradox. Moreover, a new chapter on preteens, masculinity, ethnicity, gay and lesbian body image, and the globalization of body image issues aligns a refined cultural study of body image with the trends found in current research studies, demographic data, and popular culture. Using the metaphor of a cult, Hesse-Biber conveys the intense, day-to-day involvement that the pursuit of thinness demands. Examining the testimonies of young women concerning the practice of body rituals, Hesse-Biber observes the extent to which these women sacrifice their bodies and minds to the pursuit of the ultra-slender ideal. She looks at pressures coming from their families and friends that perpetuate their cult-like practices and evaluates a range of therapies and personal and collective actions available to help women overcome their weight obsessions and eating problems. Hesse-Biber provides new frameworks for envisioning femininity and personal power, overcoming body insecurity, strengthening the inner self, and changing the cultural environment itself. Along the way, the reader is provided with important self-help tips to tackle the growing number of body image issues young women and new recruits to the &quot;Cult of Thinness&quot; continue to encounter.&quot;--Jacket.</subfield></datafield><datafield ind1='2' ind2='2' tag='650'><subfield code='a'>Feeding and Eating Disorders</subfield></datafield><datafield ind1='2' ind2='0' tag='650'><subfield code='a'>Eating disorders.</subfield></datafield><datafield ind1=' ' ind2='0' tag='650'><subfield code='a'>Body image</subfield></datafield><datafield ind1=' ' ind2='0' tag='650'><subfield code='a'>Leanness</subfield><subfield code='x'>Psychological aspects.</subfield></datafield><datafield ind1=' ' ind2='0' tag='650'><subfield code='a'>Eating disorders</subfield><subfield code='x'>Social aspects.</subfield></datafield><datafield ind1=' ' ind2='0' tag='650'><subfield code='a'>Women</subfield><subfield code='x'>Psychology.</subfield></datafield><datafield ind1='1' ind2='2' tag='650'><subfield code='a'>Body Image</subfield></datafield><datafield ind1='2' ind2='2' tag='650'><subfield code='a'>Body Weight</subfield></datafield><datafield ind1='2' ind2='2' tag='650'><subfield code='a'>Social Environment</subfield></datafield><datafield ind1='2' ind2='2' tag='650'><subfield code='a'>Women</subfield><subfield code='x'>psychology</subfield></datafield><datafield ind1='1' ind2=' ' tag='700'><subfield code='a'>Hesse-Biber, Sharlene Nagy.</subfield><subfield code='t'>Am I thin enough yet?</subfield></datafield><datafield ind1='0' ind2='8' tag='776'><subfield code='i'>Online version:</subfield><subfield code='a'>Hesse-Biber, Sharlene Nagy.</subfield><subfield code='t'>Cult of thinness.</subfield><subfield code='b'>2nd ed.</subfield><subfield code='d'>New York : Oxford University Press, 2007</subfield><subfield code='w'>(OCoLC)624556330</subfield></datafield><datafield ind1='1' ind2=' ' tag='583'><subfield code='a'>committed to retain</subfield><subfield code='c'>20181001</subfield><subfield code='d'>in perpetuity</subfield><subfield code='f'>ReCAP Shared Collection</subfield><subfield code='5'>HUL</subfield><subfield code='8'>222108805530003941</subfield></datafield><datafield ind1='0' ind2=' ' tag='852'><subfield code='c'>HD</subfield><subfield code='h'>BF697.5.B63</subfield><subfield code='i'>H47 2007</subfield><subfield code='0'>13570315</subfield><subfield code='b'>scsbhl</subfield></datafield><datafield ind1=' ' ind2=' ' tag='876'><subfield code='0'>13570315</subfield><subfield code='a'>19392452</subfield><subfield code='h'> </subfield><subfield code='j'>Available</subfield><subfield code='k'>WID</subfield><subfield code='p'>32044089747372</subfield><subfield code='x'>Shared</subfield><subfield code='z'>HW</subfield><subfield code='l'>HD</subfield></datafield></record>