
<record><leader>01271cam a2200337 a 4500</leader><controlfield tag='001'>SCSB-8532995</controlfield><controlfield tag='003'>CStRLIN</controlfield><controlfield tag='005'>19990221194531.8</controlfield><controlfield tag='008'>921130s1992    onca     bs   000 0 eng  </controlfield><controlfield tag='009'>.b11643594x</controlfield><datafield ind1=' ' ind2=' ' tag='010'><subfield code='a'>92195939</subfield></datafield><datafield ind1=' ' ind2=' ' tag='020'><subfield code='a'>0802059600 (alk. paper) :</subfield><subfield code='c'>$45.00</subfield></datafield><datafield ind1=' ' ind2=' ' tag='020'><subfield code='a'>080206874X (pbk. : alk. paper) :</subfield><subfield code='c'>$14.95</subfield></datafield><datafield ind1=' ' ind2=' ' tag='040'><subfield code='a'>DLC</subfield><subfield code='c'>DLC</subfield><subfield code='d'>RPB</subfield><subfield code='d'>NN</subfield><subfield code='d'>WaOLN</subfield></datafield><datafield ind1=' ' ind2=' ' tag='043'><subfield code='a'>n-cn---</subfield><subfield code='a'>n-us---</subfield></datafield><datafield ind1='0' ind2='0' tag='050'><subfield code='a'>HC113</subfield><subfield code='b'>.G72 1992</subfield></datafield><datafield ind1='1' ind2=' ' tag='100'><subfield code='a'>Grant, John,</subfield><subfield code='d'>1938-</subfield></datafield><datafield ind1='1' ind2='2' tag='245'><subfield code='a'>A handbook of economic indicators /</subfield><subfield code='c'>John Grant.</subfield></datafield><datafield ind1=' ' ind2=' ' tag='260'><subfield code='a'>Toronto ;</subfield><subfield code='a'>Buffalo :</subfield><subfield code='b'>University of Toronto Press,</subfield><subfield code='c'>c1992.</subfield></datafield><datafield ind1=' ' ind2=' ' tag='300'><subfield code='a'>xiv, 189 p. :</subfield><subfield code='b'>ill. ;</subfield><subfield code='c'>24 cm.</subfield></datafield><datafield ind1=' ' ind2=' ' tag='500'><subfield code='a'>Cover title: John Grant&apos;s handbook of economic indicators.</subfield></datafield><datafield ind1=' ' ind2=' ' tag='504'><subfield code='a'>Includes bibliographical references.</subfield></datafield><datafield ind1=' ' ind2='0' tag='650'><subfield code='a'>Economic indicators</subfield><subfield code='z'>Canada.</subfield></datafield><datafield ind1=' ' ind2='0' tag='651'><subfield code='a'>Canada</subfield><subfield code='x'>Economic conditions</subfield><subfield code='y'>1945-</subfield></datafield><datafield ind1='0' ind2=' ' tag='740'><subfield code='a'>John Grant&apos;s handbook of economic indicators.</subfield></datafield><datafield ind1='0' ind2=' ' tag='799'><subfield code='a'>Gift of the Morgan Guaranty Trust Endowment for the Economic and Public Affairs Division</subfield></datafield><datafield ind1=' ' ind2=' ' tag='907'><subfield code='a'>.b11643594x</subfield><subfield code='c'>m</subfield><subfield code='d'>a</subfield><subfield code='e'>-</subfield><subfield code='f'>eng</subfield><subfield code='g'>onc</subfield><subfield code='h'>2</subfield><subfield code='i'>1</subfield></datafield><datafield ind1=' ' ind2=' ' tag='991'><subfield code='y'>26807502</subfield></datafield><datafield ind1=' ' ind2=' ' tag='035'><subfield code='a'>(OCoLC)26807502</subfield></datafield><datafield ind1=' ' ind2=' ' tag='901'><subfield code='a'>dbda101d-1753-4ab0-8de6-e3ce92358df7</subfield><subfield code='b'>25</subfield><subfield code='c'>false</subfield></datafield><datafield ind1='8' ind2=' ' tag='852'><subfield code='h'>JBE 92-1951</subfield><subfield code='0'>8690298</subfield><subfield code='b'>scsbnypl</subfield></datafield><datafield ind1=' ' ind2=' ' tag='876'><subfield code='0'>8690298</subfield><subfield code='a'>14202766</subfield><subfield code='j'>Available</subfield><subfield code='p'>33433037053448</subfield><subfield code='t'>1</subfield><subfield code='x'>Open</subfield><subfield code='z'>NA</subfield><subfield code='l'>RECAP</subfield></datafield></record>