
<record><leader>01292nam a2200361 a 4500</leader><controlfield tag='001'>SCSB-2948244</controlfield><controlfield tag='003'>NNC</controlfield><controlfield tag='005'>20220601210503.0</controlfield><controlfield tag='008'>920702t19921992enka     b    000 0 eng d</controlfield><controlfield tag='009'>1091377</controlfield><datafield ind1=' ' ind2=' ' tag='010'><subfield code='a'>cn 91095555 </subfield></datafield><datafield ind1=' ' ind2=' ' tag='020'><subfield code='a'>0802059600</subfield></datafield><datafield ind1=' ' ind2=' ' tag='020'><subfield code='a'>080206874X (pbk.)</subfield></datafield><datafield ind1=' ' ind2=' ' tag='035'><subfield code='a'>(OCoLC)26807502</subfield></datafield><datafield ind1=' ' ind2=' ' tag='035'><subfield code='a'>(OCoLC)ocm26807502</subfield></datafield><datafield ind1=' ' ind2=' ' tag='035'><subfield code='9'>AGD1918CU</subfield></datafield><datafield ind1=' ' ind2=' ' tag='035'><subfield code='a'>(NNC)1091377</subfield></datafield><datafield ind1=' ' ind2=' ' tag='035'><subfield code='a'>1091377</subfield></datafield><datafield ind1=' ' ind2=' ' tag='040'><subfield code='a'>NDB</subfield><subfield code='c'>NDB</subfield><subfield code='d'>NNC</subfield></datafield><datafield ind1=' ' ind2=' ' tag='043'><subfield code='a'>n-cn---</subfield><subfield code='a'>n-us---</subfield></datafield><datafield ind1='0' ind2=' ' tag='082'><subfield code='a'>330.971/064</subfield><subfield code='2'>20</subfield></datafield><datafield ind1='1' ind2=' ' tag='100'><subfield code='a'>Grant, John,</subfield><subfield code='d'>1938-</subfield><subfield code='0'>http://id.loc.gov/authorities/names/n92082190</subfield></datafield><datafield ind1='1' ind2='2' tag='245'><subfield code='a'>A handbook of economic indicators /</subfield><subfield code='c'>John Grant.</subfield></datafield><datafield ind1=' ' ind2=' ' tag='260'><subfield code='a'>Toronto :</subfield><subfield code='b'>University of Toronto Press,</subfield><subfield code='c'>[1992], ©1992.</subfield></datafield><datafield ind1=' ' ind2=' ' tag='300'><subfield code='a'>xiv, 189 pages :</subfield><subfield code='b'>illustrations ;</subfield><subfield code='c'>24 cm</subfield></datafield><datafield ind1=' ' ind2=' ' tag='336'><subfield code='a'>text</subfield><subfield code='2'>rdacontent</subfield></datafield><datafield ind1=' ' ind2=' ' tag='337'><subfield code='a'>unmediated</subfield><subfield code='2'>rdamedia</subfield></datafield><datafield ind1=' ' ind2=' ' tag='338'><subfield code='a'>volume</subfield><subfield code='2'>rdacarrier</subfield></datafield><datafield ind1=' ' ind2=' ' tag='504'><subfield code='a'>Includes bibliographical references.</subfield></datafield><datafield ind1=' ' ind2='0' tag='650'><subfield code='a'>Economic forecasting</subfield><subfield code='z'>Canada.</subfield><subfield code='0'>http://id.loc.gov/authorities/subjects/sh2008118638</subfield></datafield><datafield ind1=' ' ind2='0' tag='650'><subfield code='a'>Economic forecasting</subfield><subfield code='z'>United States.</subfield><subfield code='0'>http://id.loc.gov/authorities/subjects/sh2008102569</subfield></datafield><datafield ind1=' ' ind2='0' tag='650'><subfield code='a'>Economic indicators</subfield><subfield code='z'>Canada.</subfield></datafield><datafield ind1=' ' ind2='0' tag='650'><subfield code='a'>Economic indicators</subfield><subfield code='z'>United States.</subfield><subfield code='0'>http://id.loc.gov/authorities/subjects/sh2008102580</subfield></datafield><datafield ind1=' ' ind2=' ' tag='901'><subfield code='a'>dbda101d-1753-4ab0-8de6-e3ce92358df7</subfield><subfield code='b'>25</subfield><subfield code='c'>false</subfield></datafield><datafield ind1='0' ind2='0' tag='852'><subfield code='h'>HB3730 .G816 1992g</subfield><subfield code='0'>2926741</subfield><subfield code='b'>scsbcul</subfield></datafield><datafield ind1=' ' ind2=' ' tag='876'><subfield code='0'>2926741</subfield><subfield code='a'>4570791</subfield><subfield code='h'> </subfield><subfield code='j'>Available</subfield><subfield code='p'>CU67392466</subfield><subfield code='t'>1</subfield><subfield code='x'>Shared</subfield><subfield code='z'>CU</subfield><subfield code='l'>RECAP</subfield></datafield></record>