
<record><leader>01346pam a2200409 a 4500</leader><controlfield tag='001'>SCSB-8686596</controlfield><controlfield tag='003'>OCoLC</controlfield><controlfield tag='005'>20000222152650.5</controlfield><controlfield tag='008'>981027s1999    onca     b    000 0 eng d</controlfield><controlfield tag='009'>.b143135132</controlfield><datafield ind1=' ' ind2=' ' tag='010'><subfield code='a'>cn 98932772</subfield></datafield><datafield ind1=' ' ind2=' ' tag='015'><subfield code='a'>C98-932772-8</subfield></datafield><datafield ind1=' ' ind2=' ' tag='020'><subfield code='a'>080200878X (bound) :</subfield><subfield code='c'>$50.00</subfield></datafield><datafield ind1=' ' ind2=' ' tag='020'><subfield code='a'>080207863X (pbk.) :</subfield><subfield code='c'>$17.95</subfield></datafield><datafield ind1=' ' ind2=' ' tag='040'><subfield code='a'>CaOTU</subfield><subfield code='b'>eng</subfield><subfield code='c'>NLC</subfield><subfield code='d'>ORU</subfield><subfield code='d'>GZM</subfield><subfield code='d'>NYP</subfield><subfield code='d'>WaOLN</subfield></datafield><datafield ind1=' ' ind2=' ' tag='043'><subfield code='a'>n-cn---</subfield><subfield code='a'>n-us---</subfield></datafield><datafield ind1=' ' ind2=' ' tag='049'><subfield code='a'>NYPE</subfield></datafield><datafield ind1='0' ind2='1' tag='055'><subfield code='a'>HB3730</subfield></datafield><datafield ind1='0' ind2='3' tag='055'><subfield code='a'>HB3730</subfield><subfield code='b'>G73 1999</subfield></datafield><datafield ind1='0' ind2='0' tag='055'><subfield code='a'>HB3730</subfield><subfield code='b'>G73 1999</subfield></datafield><datafield ind1='0' ind2='0' tag='082'><subfield code='a'>330.971/064</subfield><subfield code='2'>21</subfield></datafield><datafield ind1='1' ind2=' ' tag='100'><subfield code='a'>Grant, John.</subfield></datafield><datafield ind1='1' ind2='2' tag='245'><subfield code='a'>A handbook of economic indicators /</subfield><subfield code='c'>John Grant.</subfield></datafield><datafield ind1=' ' ind2=' ' tag='250'><subfield code='a'>2nd ed.</subfield></datafield><datafield ind1=' ' ind2=' ' tag='260'><subfield code='a'>Toronto :</subfield><subfield code='b'>University of Toronto Press,</subfield><subfield code='c'>c1999.</subfield></datafield><datafield ind1=' ' ind2=' ' tag='300'><subfield code='a'>xiv, 170 p. :</subfield><subfield code='b'>ill. ;</subfield><subfield code='c'>24 cm.</subfield></datafield><datafield ind1=' ' ind2=' ' tag='504'><subfield code='a'>Includes bibliographical references.</subfield></datafield><datafield ind1=' ' ind2='0' tag='650'><subfield code='a'>Economic forecasting</subfield><subfield code='z'>Canada.</subfield></datafield><datafield ind1=' ' ind2='0' tag='651'><subfield code='a'>Canada</subfield><subfield code='x'>Economic conditions</subfield><subfield code='y'>1991-</subfield></datafield><datafield ind1=' ' ind2='0' tag='650'><subfield code='a'>Economic forecasting</subfield><subfield code='z'>United States.</subfield></datafield><datafield ind1=' ' ind2='0' tag='651'><subfield code='a'>United States</subfield><subfield code='x'>Economic conditions</subfield><subfield code='y'>1981-</subfield></datafield><datafield ind1=' ' ind2='0' tag='650'><subfield code='a'>Economic indicators</subfield><subfield code='z'>Canada.</subfield></datafield><datafield ind1=' ' ind2='0' tag='650'><subfield code='a'>Economic indicators</subfield><subfield code='z'>United States.</subfield></datafield><datafield ind1=' ' ind2=' ' tag='907'><subfield code='a'>.b143135132</subfield><subfield code='c'>m</subfield><subfield code='d'>a</subfield><subfield code='e'>-</subfield><subfield code='f'>eng</subfield><subfield code='g'>onc</subfield><subfield code='h'>2</subfield><subfield code='i'>1</subfield></datafield><datafield ind1=' ' ind2=' ' tag='035'><subfield code='a'>(OCoLC)40534885</subfield></datafield><datafield ind1=' ' ind2=' ' tag='901'><subfield code='a'>78ff5195-6735-4182-ad1a-51463c3b34e8</subfield><subfield code='b'>29</subfield><subfield code='c'>false</subfield></datafield><datafield ind1='8' ind2=' ' tag='852'><subfield code='h'>JBE 00-226</subfield><subfield code='0'>8846804</subfield><subfield code='b'>scsbnypl</subfield></datafield><datafield ind1=' ' ind2=' ' tag='876'><subfield code='0'>8846804</subfield><subfield code='a'>14408378</subfield><subfield code='j'>Available</subfield><subfield code='p'>33433022268977</subfield><subfield code='t'>1</subfield><subfield code='x'>Open</subfield><subfield code='z'>NA</subfield><subfield code='l'>RECAP</subfield></datafield></record>