
<record><leader>02039nam a2200421 a 4500</leader><controlfield tag='001'>SCSB-3703584</controlfield><controlfield tag='003'>NNC</controlfield><controlfield tag='005'>20220616023722.0</controlfield><controlfield tag='008'>981027t19991999onca          000 0 eng d</controlfield><controlfield tag='009'>2337918</controlfield><datafield ind1=' ' ind2=' ' tag='010'><subfield code='a'>cn 98932772 </subfield></datafield><datafield ind1=' ' ind2=' ' tag='015'><subfield code='a'>C98-932772-8</subfield></datafield><datafield ind1=' ' ind2=' ' tag='020'><subfield code='a'>080200878X (bound) :</subfield><subfield code='c'>$50.00</subfield></datafield><datafield ind1=' ' ind2=' ' tag='020'><subfield code='a'>080207863X (pbk.) :</subfield><subfield code='c'>$17.95</subfield></datafield><datafield ind1=' ' ind2=' ' tag='035'><subfield code='a'>(OCoLC)ocm40534885</subfield></datafield><datafield ind1=' ' ind2=' ' tag='035'><subfield code='9'>APL3185CU</subfield></datafield><datafield ind1=' ' ind2=' ' tag='035'><subfield code='a'>(NNC)2337918</subfield></datafield><datafield ind1=' ' ind2=' ' tag='035'><subfield code='a'>2337918</subfield></datafield><datafield ind1=' ' ind2=' ' tag='040'><subfield code='a'>CaOTU</subfield><subfield code='b'>eng</subfield><subfield code='c'>NLC</subfield><subfield code='d'>ORU</subfield><subfield code='d'>NNC</subfield><subfield code='d'>OrLoB-B</subfield></datafield><datafield ind1=' ' ind2=' ' tag='043'><subfield code='a'>n-cn---</subfield><subfield code='a'>n-us---</subfield></datafield><datafield ind1='0' ind2='3' tag='055'><subfield code='a'>HB3730</subfield><subfield code='b'>G73 1999</subfield></datafield><datafield ind1='0' ind2='0' tag='082'><subfield code='a'>330.971/064</subfield><subfield code='2'>21</subfield></datafield><datafield ind1='1' ind2=' ' tag='100'><subfield code='a'>Grant, John,</subfield><subfield code='d'>1938-</subfield><subfield code='0'>http://id.loc.gov/authorities/names/n92082190</subfield></datafield><datafield ind1='1' ind2='2' tag='245'><subfield code='a'>A handbook of economic indicators /</subfield><subfield code='c'>John Grant.</subfield></datafield><datafield ind1=' ' ind2=' ' tag='250'><subfield code='a'>2nd ed.</subfield></datafield><datafield ind1=' ' ind2=' ' tag='260'><subfield code='a'>Toronto ;</subfield><subfield code='a'>Buffalo :</subfield><subfield code='b'>University of Toronto Press,</subfield><subfield code='c'>[1999], ©1999.</subfield></datafield><datafield ind1=' ' ind2=' ' tag='263'><subfield code='a'>9901</subfield></datafield><datafield ind1=' ' ind2=' ' tag='300'><subfield code='a'>xiv, 170 pages ;</subfield><subfield code='c'>24 cm</subfield></datafield><datafield ind1=' ' ind2=' ' tag='336'><subfield code='a'>text</subfield><subfield code='b'>txt</subfield><subfield code='2'>rdacontent</subfield></datafield><datafield ind1=' ' ind2=' ' tag='337'><subfield code='a'>unmediated</subfield><subfield code='b'>n</subfield><subfield code='2'>rdamedia</subfield></datafield><datafield ind1=' ' ind2=' ' tag='504'><subfield code='a'>Includes bibliographical references and index.</subfield></datafield><datafield ind1='0' ind2='0' tag='505'><subfield code='g'>1.</subfield><subfield code='t'>The Circular Flow --</subfield><subfield code='g'>2.</subfield><subfield code='t'>The Household Sector --</subfield><subfield code='g'>3.</subfield><subfield code='t'>The Enterprise Sector --</subfield><subfield code='g'>4.</subfield><subfield code='t'>The Government Sector --</subfield><subfield code='g'>5.</subfield><subfield code='t'>The Bank of Canada and the Deposit-Taking Institutions --</subfield><subfield code='g'>6.</subfield><subfield code='t'>Canada&apos;s International Relationships --</subfield><subfield code='g'>7.</subfield><subfield code='t'>Monetary Policy --</subfield><subfield code='g'>8.</subfield><subfield code='t'>The Labour Market --</subfield><subfield code='g'>9.</subfield><subfield code='t'>Fiscal Policy and Management of Public Debt --</subfield><subfield code='g'>10.</subfield><subfield code='t'>Using the Indicators --</subfield><subfield code='g'>11.</subfield><subfield code='t'>The Canadian Indicators --</subfield><subfield code='g'>12.</subfield><subfield code='t'>The U.S. Indicators.</subfield></datafield><datafield ind1=' ' ind2='0' tag='650'><subfield code='a'>Economic forecasting</subfield><subfield code='z'>Canada.</subfield><subfield code='0'>http://id.loc.gov/authorities/subjects/sh2008118638</subfield></datafield><datafield ind1=' ' ind2='0' tag='651'><subfield code='a'>Canada</subfield><subfield code='x'>Economic conditions</subfield><subfield code='y'>1991-</subfield><subfield code='0'>http://id.loc.gov/authorities/subjects/sh91000894</subfield></datafield><datafield ind1=' ' ind2='0' tag='650'><subfield code='a'>Economic forecasting</subfield><subfield code='z'>United States.</subfield><subfield code='0'>http://id.loc.gov/authorities/subjects/sh2008102569</subfield></datafield><datafield ind1=' ' ind2='0' tag='651'><subfield code='a'>United States</subfield><subfield code='x'>Economic conditions</subfield><subfield code='y'>1981-2001.</subfield><subfield code='0'>http://id.loc.gov/authorities/subjects/sh85140027</subfield></datafield><datafield ind1=' ' ind2='0' tag='650'><subfield code='a'>Economic indicators</subfield><subfield code='z'>Canada.</subfield></datafield><datafield ind1=' ' ind2='0' tag='650'><subfield code='a'>Economic indicators</subfield><subfield code='z'>United States.</subfield><subfield code='0'>http://id.loc.gov/authorities/subjects/sh2008102580</subfield></datafield><datafield ind1=' ' ind2=' ' tag='901'><subfield code='a'>78ff5195-6735-4182-ad1a-51463c3b34e8</subfield><subfield code='b'>29</subfield><subfield code='c'>false</subfield></datafield><datafield ind1='0' ind2='0' tag='852'><subfield code='h'>HB3730 .G73 1999g</subfield><subfield code='0'>3709529</subfield><subfield code='b'>scsbcul</subfield></datafield><datafield ind1=' ' ind2=' ' tag='876'><subfield code='0'>3709529</subfield><subfield code='a'>5505627</subfield><subfield code='h'> </subfield><subfield code='j'>Available</subfield><subfield code='p'>CU70065284</subfield><subfield code='t'>1</subfield><subfield code='x'>Open</subfield><subfield code='z'>CU</subfield><subfield code='l'>RECAP</subfield></datafield></record>