
<record><leader>00992cam a2200301 i 4500</leader><controlfield tag='001'>SCSB-2175450</controlfield><controlfield tag='003'>NNC</controlfield><controlfield tag='005'>20220518190246.0</controlfield><controlfield tag='008'>810608s1977    dcua     bs  f001 0 eng d</controlfield><controlfield tag='009'>47147</controlfield><datafield ind1=' ' ind2=' ' tag='035'><subfield code='a'>(OCoLC)505312948</subfield></datafield><datafield ind1=' ' ind2=' ' tag='035'><subfield code='a'>(OCoLC)ocn505312948</subfield></datafield><datafield ind1=' ' ind2=' ' tag='035'><subfield code='a'>(CStRLIN)NYCG24514578-B</subfield></datafield><datafield ind1=' ' ind2=' ' tag='035'><subfield code='9'>AAF0076CU</subfield></datafield><datafield ind1=' ' ind2=' ' tag='035'><subfield code='a'>(NNC)47147</subfield></datafield><datafield ind1=' ' ind2=' ' tag='035'><subfield code='a'>47147</subfield></datafield><datafield ind1=' ' ind2=' ' tag='040'><subfield code='d'>NNC</subfield></datafield><datafield ind1=' ' ind2=' ' tag='090'><subfield code='a'>HA33.U5</subfield><subfield code='b'>H35</subfield></datafield><datafield ind1='1' ind2=' ' tag='110'><subfield code='a'>United States.</subfield><subfield code='b'>Bureau of Economic Analysis.</subfield><subfield code='0'>http://id.loc.gov/authorities/names/n79132438</subfield></datafield><datafield ind1='1' ind2='0' tag='245'><subfield code='a'>Handbook of Cyclical Indicators.</subfield></datafield><datafield ind1=' ' ind2=' ' tag='260'><subfield code='a'>Washington :</subfield><subfield code='b'>U.S. Department of Commerce,</subfield><subfield code='c'>1977.</subfield></datafield><datafield ind1=' ' ind2=' ' tag='300'><subfield code='a'>202 pages :</subfield><subfield code='b'>illustrations ;</subfield><subfield code='c'>29 cm</subfield></datafield><datafield ind1=' ' ind2=' ' tag='336'><subfield code='a'>text</subfield><subfield code='2'>rdacontent</subfield></datafield><datafield ind1=' ' ind2=' ' tag='337'><subfield code='a'>unmediated</subfield><subfield code='2'>rdamedia</subfield></datafield><datafield ind1=' ' ind2=' ' tag='338'><subfield code='a'>volume</subfield><subfield code='2'>rdacarrier</subfield></datafield><datafield ind1=' ' ind2=' ' tag='500'><subfield code='a'>A supplement to Business Conditions Digest.</subfield></datafield><datafield ind1=' ' ind2=' ' tag='504'><subfield code='a'>Includes bibliographical references and index.</subfield></datafield><datafield ind1=' ' ind2='0' tag='650'><subfield code='a'>Economic indicators.</subfield><subfield code='0'>http://id.loc.gov/authorities/subjects/sh85040831</subfield></datafield><datafield ind1='0' ind2='0' tag='852'><subfield code='h'>HA33.U5 H35</subfield><subfield code='0'>2142390</subfield><subfield code='b'>scsbcul</subfield></datafield><datafield ind1=' ' ind2=' ' tag='876'><subfield code='0'>2142390</subfield><subfield code='a'>3310256</subfield><subfield code='h'> </subfield><subfield code='j'>Available</subfield><subfield code='p'>CU53825888</subfield><subfield code='t'>1</subfield><subfield code='x'>Shared</subfield><subfield code='z'>CU</subfield><subfield code='l'>RECAP</subfield></datafield></record>