
<record><leader>02943nam a2200373 a 4500</leader><controlfield tag='001'>SCSB-3594629</controlfield><controlfield tag='003'>NNC</controlfield><controlfield tag='005'>20220615215639.0</controlfield><controlfield tag='008'>971209t19981998nyua     bs   001 0 eng  </controlfield><controlfield tag='009'>2155548</controlfield><datafield ind1=' ' ind2=' ' tag='010'><subfield code='a'>   97051903 </subfield></datafield><datafield ind1=' ' ind2=' ' tag='020'><subfield code='a'>0070540454</subfield></datafield><datafield ind1=' ' ind2=' ' tag='035'><subfield code='a'>(OCoLC)ocm38106708</subfield></datafield><datafield ind1=' ' ind2=' ' tag='035'><subfield code='9'>ANL9884CU</subfield></datafield><datafield ind1=' ' ind2=' ' tag='035'><subfield code='a'>(NNC)2155548</subfield></datafield><datafield ind1=' ' ind2=' ' tag='035'><subfield code='a'>2155548</subfield></datafield><datafield ind1=' ' ind2=' ' tag='040'><subfield code='a'>DLC</subfield><subfield code='c'>DLC</subfield><subfield code='d'>C#P</subfield><subfield code='d'>OrLoB-B</subfield></datafield><datafield ind1=' ' ind2=' ' tag='043'><subfield code='a'>n-us---</subfield></datafield><datafield ind1='0' ind2='0' tag='050'><subfield code='a'>HC103</subfield><subfield code='b'>.R64 1998</subfield></datafield><datafield ind1='0' ind2='0' tag='082'><subfield code='a'>330.973/0021</subfield><subfield code='2'>21</subfield></datafield><datafield ind1='1' ind2=' ' tag='100'><subfield code='a'>Rogers, R. Mark.</subfield><subfield code='0'>http://id.loc.gov/authorities/names/n94024444</subfield></datafield><datafield ind1='1' ind2='0' tag='245'><subfield code='a'>Handbook of key economic indicators /</subfield><subfield code='c'>R. Mark Rogers.</subfield></datafield><datafield ind1=' ' ind2=' ' tag='250'><subfield code='a'>2nd ed.</subfield></datafield><datafield ind1=' ' ind2=' ' tag='260'><subfield code='a'>New York :</subfield><subfield code='b'>McGraw-Hill,</subfield><subfield code='c'>[1998], ©1998.</subfield></datafield><datafield ind1=' ' ind2=' ' tag='300'><subfield code='a'>xv, 303 pages :</subfield><subfield code='b'>illustrations ;</subfield><subfield code='c'>24 cm</subfield></datafield><datafield ind1=' ' ind2=' ' tag='336'><subfield code='a'>text</subfield><subfield code='b'>txt</subfield><subfield code='2'>rdacontent</subfield></datafield><datafield ind1=' ' ind2=' ' tag='337'><subfield code='a'>unmediated</subfield><subfield code='b'>n</subfield><subfield code='2'>rdamedia</subfield></datafield><datafield ind1=' ' ind2=' ' tag='504'><subfield code='a'>Includes bibliographical references and index.</subfield></datafield><datafield ind1='0' ind2='0' tag='505'><subfield code='t'>Introduction: The Monthly Forecast Cycle --</subfield><subfield code='g'>Ch. 1.</subfield><subfield code='t'>The Employment Report --</subfield><subfield code='g'>Ch. 2.</subfield><subfield code='t'>The Personal Income Report --</subfield><subfield code='g'>Ch. 3.</subfield><subfield code='t'>Retail Sales --</subfield><subfield code='g'>Ch. 4.</subfield><subfield code='t'>Unit New Auto Sales and other Related Motor Vehicle Data --</subfield><subfield code='g'>Ch. 5.</subfield><subfield code='t'>The Consumer Price Index --</subfield><subfield code='g'>Ch. 6.</subfield><subfield code='t'>The Producer Price Index --</subfield><subfield code='g'>Ch. 7.</subfield><subfield code='t'>Industrial Production and Capacity Utilization Rates --</subfield><subfield code='g'>Ch. 8.</subfield><subfield code='t'>Manufacturers&apos; Orders and other Related Series --</subfield><subfield code='g'>Ch. 9.</subfield><subfield code='t'>Business Inventories and Sales --</subfield><subfield code='g'>Ch. 10.</subfield><subfield code='t'>The Purchasing Managers&apos; Index --</subfield><subfield code='g'>Ch. 11.</subfield><subfield code='t'>U.S. International Trade in Goods and Services --</subfield><subfield code='g'>Ch. 12.</subfield><subfield code='t'>Monthly Construction Indicators --</subfield><subfield code='g'>Ch. 13.</subfield><subfield code='t'>Gross Domestic Product --</subfield><subfield code='g'>Ch. 14.</subfield><subfield code='t'>The Conference Board&apos;s Index of Leading Indicators and other Composite Indexes --</subfield><subfield code='g'>Ch. 15.</subfield><subfield code='t'>The Productivity and Unit Labor Costs Report and the Employment Cost Index.</subfield></datafield><datafield ind1=' ' ind2=' ' tag='520'><subfield code='a'>Financial markets - stocks, bonds, foreign exchanges, commodities - move quickly and, at least on the surface, often in seemingly unexpected directions. To fully understand these market moves, financial professionals must first have a complete understanding of the nonfinancial economic indicators that drive them. Handbook of Key Economic Indicators, Second Edition, details the reasoning and logic behind the numbers, and provides a solid basis for understanding how they will affect markets.</subfield></datafield><datafield ind1='8' ind2=' ' tag='520'><subfield code='a'>From in-depth analyses of traditional economic news releases to key questions readers should always ask when analyzing important data and reports (listed for ease of use at the end of each chapter), Handbook of Key Economic Indicators, Second Edition, moves beyond the superficial to help traders, investors, and financial analysts truly understand the content of economic and noneconomic indicators.</subfield></datafield><datafield ind1=' ' ind2='0' tag='650'><subfield code='a'>Economic indicators</subfield><subfield code='z'>United States.</subfield><subfield code='0'>http://id.loc.gov/authorities/subjects/sh2008102580</subfield></datafield><datafield ind1=' ' ind2='0' tag='650'><subfield code='a'>Business cycles</subfield><subfield code='z'>United States</subfield><subfield code='v'>Statistics.</subfield></datafield><datafield ind1=' ' ind2='0' tag='651'><subfield code='a'>United States</subfield><subfield code='x'>Economic conditions</subfield><subfield code='v'>Statistics.</subfield><subfield code='0'>http://id.loc.gov/authorities/subjects/sh85140032</subfield></datafield><datafield ind1='0' ind2='0' tag='852'><subfield code='h'>HC103 .R64 1998</subfield><subfield code='0'>3598524</subfield><subfield code='b'>scsbcul</subfield></datafield><datafield ind1=' ' ind2=' ' tag='876'><subfield code='0'>3598524</subfield><subfield code='a'>5364018</subfield><subfield code='h'> </subfield><subfield code='j'>Available</subfield><subfield code='p'>CU74584774</subfield><subfield code='t'>1</subfield><subfield code='x'>Shared</subfield><subfield code='z'>CU</subfield><subfield code='l'>RECAP</subfield></datafield></record>