
<record><leader>01046pam a2200313 a 4500</leader><controlfield tag='001'>SCSB-8557490</controlfield><controlfield tag='003'>OCoLC</controlfield><controlfield tag='005'>20001116194633.4</controlfield><controlfield tag='008'>940309s1994    ilua     bs   001 0 eng  </controlfield><controlfield tag='009'>.b119803288</controlfield><datafield ind1=' ' ind2=' ' tag='010'><subfield code='a'>94009328</subfield></datafield><datafield ind1=' ' ind2=' ' tag='020'><subfield code='a'>0786301937</subfield></datafield><datafield ind1=' ' ind2=' ' tag='040'><subfield code='a'>DLC</subfield><subfield code='c'>DLC</subfield><subfield code='d'>NYP</subfield><subfield code='d'>WaOLN</subfield></datafield><datafield ind1=' ' ind2=' ' tag='043'><subfield code='a'>n-us---</subfield></datafield><datafield ind1=' ' ind2=' ' tag='049'><subfield code='a'>NYPE</subfield></datafield><datafield ind1='0' ind2='0' tag='050'><subfield code='a'>HC103</subfield><subfield code='b'>.R64 1994</subfield></datafield><datafield ind1='0' ind2='0' tag='082'><subfield code='a'>330.973/0021</subfield><subfield code='2'>20</subfield></datafield><datafield ind1='1' ind2=' ' tag='100'><subfield code='a'>Rogers, R. Mark.</subfield></datafield><datafield ind1='1' ind2='0' tag='245'><subfield code='a'>Handbook of key economic indicators /</subfield><subfield code='c'>R. Mark Rogers.</subfield></datafield><datafield ind1=' ' ind2=' ' tag='260'><subfield code='a'>Burr Ridge, Ill. :</subfield><subfield code='b'>Irwin Professional Pub.,</subfield><subfield code='c'>c1994.</subfield></datafield><datafield ind1=' ' ind2=' ' tag='300'><subfield code='a'>xiii, 274 p. :</subfield><subfield code='b'>ill. ;</subfield><subfield code='c'>24 cm.</subfield></datafield><datafield ind1=' ' ind2=' ' tag='504'><subfield code='a'>Includes bibliographical references and index.</subfield></datafield><datafield ind1=' ' ind2='0' tag='650'><subfield code='a'>Economic indicators</subfield><subfield code='z'>United States.</subfield></datafield><datafield ind1=' ' ind2='0' tag='650'><subfield code='a'>Business cycles</subfield><subfield code='z'>United States</subfield><subfield code='v'>Statistics.</subfield></datafield><datafield ind1=' ' ind2='0' tag='651'><subfield code='a'>United States</subfield><subfield code='x'>Economic conditions</subfield><subfield code='v'>Statistics.</subfield></datafield><datafield ind1=' ' ind2=' ' tag='907'><subfield code='a'>.b119803288</subfield><subfield code='c'>m</subfield><subfield code='d'>a</subfield><subfield code='e'>-</subfield><subfield code='f'>eng</subfield><subfield code='g'>ilu</subfield><subfield code='h'>0</subfield><subfield code='i'>1</subfield></datafield><datafield ind1=' ' ind2=' ' tag='035'><subfield code='a'>(OCoLC)30068746</subfield></datafield><datafield ind1=' ' ind2=' ' tag='901'><subfield code='a'>753a976f-4db5-45b8-84af-6ed41a2aa222</subfield><subfield code='b'>29</subfield><subfield code='c'>false</subfield></datafield><datafield ind1='8' ind2=' ' tag='852'><subfield code='h'>JBE 99-2457</subfield><subfield code='0'>8715436</subfield><subfield code='b'>scsbnypl</subfield></datafield><datafield ind1=' ' ind2=' ' tag='876'><subfield code='0'>8715436</subfield><subfield code='a'>14250644</subfield><subfield code='j'>Available</subfield><subfield code='p'>33433037137738</subfield><subfield code='t'>1</subfield><subfield code='x'>Open</subfield><subfield code='z'>NA</subfield><subfield code='l'>RECAP</subfield></datafield></record>