
<record><leader>01410cam a2200349Ia 4500</leader><controlfield tag='001'>SCSB-6866891</controlfield><controlfield tag='003'>OCoLC</controlfield><controlfield tag='005'>20001116194805.3</controlfield><controlfield tag='008'>940819s1996    nyu      s    000 0 eng  </controlfield><controlfield tag='009'>.b123264157</controlfield><datafield ind1=' ' ind2=' ' tag='010'><subfield code='a'>94033435</subfield></datafield><datafield ind1=' ' ind2=' ' tag='020'><subfield code='a'>0883543788</subfield></datafield><datafield ind1=' ' ind2=' ' tag='040'><subfield code='a'>DLC</subfield><subfield code='c'>DLC</subfield><subfield code='d'>DJB</subfield><subfield code='d'>IPL</subfield><subfield code='d'>NYP</subfield><subfield code='d'>WaOLN</subfield></datafield><datafield ind1=' ' ind2=' ' tag='043'><subfield code='a'>e-ur---</subfield></datafield><datafield ind1=' ' ind2=' ' tag='049'><subfield code='a'>NYPX</subfield></datafield><datafield ind1='0' ind2='0' tag='050'><subfield code='a'>HA1444</subfield><subfield code='b'>.C66 1996</subfield></datafield><datafield ind1='0' ind2='0' tag='082'><subfield code='a'>306/.0947/021</subfield><subfield code='2'>20</subfield></datafield><datafield ind1='2' ind2=' ' tag='110'><subfield code='a'>Commonwealth of Independent States.</subfield><subfield code='b'>Statistical Committee.</subfield></datafield><datafield ind1='1' ind2='4' tag='245'><subfield code='a'>The statistical handbook of social and economic indicators for the former Soviet Union :</subfield><subfield code='b'>1980, 1990-1992 / compiled by the CIS Committee for Statistics, International Center for Human Values, Mascow.</subfield></datafield><datafield ind1=' ' ind2=' ' tag='260'><subfield code='a'>New York :</subfield><subfield code='b'>Norman Ross Pub.,</subfield><subfield code='c'>c1996.</subfield></datafield><datafield ind1=' ' ind2=' ' tag='300'><subfield code='a'>307 p. ;</subfield><subfield code='c'>29 cm.</subfield></datafield><datafield ind1=' ' ind2='0' tag='651'><subfield code='a'>Soviet Union</subfield><subfield code='v'>Statistics.</subfield></datafield><datafield ind1=' ' ind2='0' tag='651'><subfield code='a'>Former Soviet republics</subfield><subfield code='v'>Statistics.</subfield></datafield><datafield ind1=' ' ind2='0' tag='650'><subfield code='a'>Social indicators</subfield><subfield code='z'>Soviet Union.</subfield></datafield><datafield ind1=' ' ind2='0' tag='651'><subfield code='a'>Former Soviet republics</subfield><subfield code='x'>Social conditions</subfield><subfield code='v'>Statistics.</subfield></datafield><datafield ind1=' ' ind2='0' tag='651'><subfield code='a'>Soviet Union</subfield><subfield code='x'>Economic conditions</subfield><subfield code='y'>1985-1991</subfield><subfield code='v'>Statistics.</subfield></datafield><datafield ind1=' ' ind2='0' tag='651'><subfield code='a'>Former Soviet republics</subfield><subfield code='x'>Economic conditions</subfield><subfield code='v'>Statistics.</subfield></datafield><datafield ind1='2' ind2=' ' tag='710'><subfield code='a'>︠T︡Sentr obshchechelovecheskikh ︠t︡sennosteĭ (Russia)</subfield></datafield><datafield ind1=' ' ind2=' ' tag='907'><subfield code='a'>.b123264157</subfield><subfield code='c'>m</subfield><subfield code='d'>a</subfield><subfield code='e'>-</subfield><subfield code='f'>eng</subfield><subfield code='g'>nyu</subfield><subfield code='h'>4</subfield><subfield code='i'>1</subfield></datafield><datafield ind1=' ' ind2=' ' tag='035'><subfield code='a'>(OCoLC)31075437</subfield></datafield><datafield ind1=' ' ind2=' ' tag='901'><subfield code='a'>f5696867-caf7-4a35-98b0-4b3df6fcf3f5</subfield><subfield code='b'>29</subfield><subfield code='c'>false</subfield></datafield><datafield ind1='8' ind2=' ' tag='852'><subfield code='h'>*QIP 96-3192</subfield><subfield code='0'>6950809</subfield><subfield code='b'>scsbnypl</subfield></datafield><datafield ind1=' ' ind2=' ' tag='876'><subfield code='0'>6950809</subfield><subfield code='a'>11189661</subfield><subfield code='j'>Available</subfield><subfield code='p'>33433013605179</subfield><subfield code='t'>1</subfield><subfield code='x'>Shared</subfield><subfield code='z'>NA</subfield><subfield code='l'>RECAP</subfield></datafield></record>