
<record><leader>01603nam a22003978a 4500</leader><controlfield tag='001'>SCSB-8815435</controlfield><controlfield tag='003'>NNC</controlfield><controlfield tag='005'>20220608215507.0</controlfield><controlfield tag='008'>940819s1994    nyu      s    001 0 eng  </controlfield><controlfield tag='009'>1710920</controlfield><datafield ind1=' ' ind2=' ' tag='010'><subfield code='a'>   94033435 </subfield></datafield><datafield ind1=' ' ind2=' ' tag='020'><subfield code='a'>0883543788</subfield></datafield><datafield ind1=' ' ind2=' ' tag='035'><subfield code='a'>(OCoLC)ocm31075437</subfield></datafield><datafield ind1=' ' ind2=' ' tag='035'><subfield code='9'>ALB3938CU</subfield></datafield><datafield ind1=' ' ind2=' ' tag='035'><subfield code='a'>(NNC)1710920</subfield></datafield><datafield ind1=' ' ind2=' ' tag='035'><subfield code='a'>1710920</subfield></datafield><datafield ind1=' ' ind2=' ' tag='040'><subfield code='a'>DLC</subfield><subfield code='c'>DLC</subfield><subfield code='d'>DJB</subfield></datafield><datafield ind1=' ' ind2=' ' tag='043'><subfield code='a'>e-ur---</subfield></datafield><datafield ind1='0' ind2='0' tag='050'><subfield code='a'>HA1444</subfield><subfield code='b'>.C66 1995</subfield></datafield><datafield ind1='0' ind2='0' tag='082'><subfield code='a'>306/.0947/021</subfield><subfield code='2'>20</subfield></datafield><datafield ind1='2' ind2=' ' tag='110'><subfield code='a'>Commonwealth of Independent States.</subfield><subfield code='b'>Statistical Committee.</subfield><subfield code='0'>http://id.loc.gov/authorities/names/n93013427</subfield></datafield><datafield ind1='1' ind2='4' tag='245'><subfield code='a'>The statistical handbook of social and economic indicators for the former Soviet Union.</subfield></datafield><datafield ind1=' ' ind2=' ' tag='260'><subfield code='a'>New York :</subfield><subfield code='b'>Norman Ross Pub.,</subfield><subfield code='c'>1995.</subfield></datafield><datafield ind1=' ' ind2=' ' tag='263'><subfield code='a'>9512</subfield></datafield><datafield ind1=' ' ind2=' ' tag='300'><subfield code='a'>307 pages ;</subfield><subfield code='c'>29 cm</subfield></datafield><datafield ind1=' ' ind2=' ' tag='336'><subfield code='a'>text</subfield><subfield code='b'>txt</subfield><subfield code='2'>rdacontent</subfield></datafield><datafield ind1=' ' ind2=' ' tag='337'><subfield code='a'>unmediated</subfield><subfield code='b'>n</subfield><subfield code='2'>rdamedia</subfield></datafield><datafield ind1=' ' ind2=' ' tag='500'><subfield code='a'>At head of title: The Committee for Statistics of the Commonwealth of Independent States. The Center for Human Values.</subfield></datafield><datafield ind1=' ' ind2=' ' tag='500'><subfield code='a'>Includes index.</subfield></datafield><datafield ind1=' ' ind2='0' tag='651'><subfield code='a'>Soviet Union</subfield><subfield code='v'>Statistics.</subfield><subfield code='0'>http://id.loc.gov/authorities/subjects/sh2008117119</subfield></datafield><datafield ind1=' ' ind2='0' tag='651'><subfield code='a'>Former Soviet republics</subfield><subfield code='v'>Statistics.</subfield></datafield><datafield ind1=' ' ind2='0' tag='651'><subfield code='a'>Soviet Union</subfield><subfield code='x'>Social conditions</subfield><subfield code='y'>1970-1991</subfield><subfield code='v'>Statistics.</subfield></datafield><datafield ind1=' ' ind2='0' tag='651'><subfield code='a'>Former Soviet republics</subfield><subfield code='x'>Social conditions</subfield><subfield code='v'>Statistics.</subfield></datafield><datafield ind1=' ' ind2='0' tag='651'><subfield code='a'>Soviet Union</subfield><subfield code='x'>Economic conditions</subfield><subfield code='y'>1985-1991</subfield><subfield code='v'>Statistics.</subfield></datafield><datafield ind1=' ' ind2='0' tag='651'><subfield code='a'>Former Soviet republics</subfield><subfield code='x'>Economic conditions</subfield><subfield code='v'>Statistics.</subfield></datafield><datafield ind1='2' ind2=' ' tag='710'><subfield code='a'>T͡Sentr obshchechelovecheskikh t͡sennosteĭ (Russia)</subfield><subfield code='0'>http://id.loc.gov/authorities/names/no93033084</subfield></datafield><datafield ind1=' ' ind2=' ' tag='901'><subfield code='a'>f5696867-caf7-4a35-98b0-4b3df6fcf3f5</subfield><subfield code='b'>29</subfield><subfield code='c'>false</subfield></datafield><datafield ind1='0' ind2='0' tag='852'><subfield code='h'>HA1444 .C66 1995</subfield><subfield code='0'>8990986</subfield><subfield code='b'>scsbcul</subfield></datafield><datafield ind1=' ' ind2=' ' tag='876'><subfield code='0'>8990986</subfield><subfield code='a'>14579246</subfield><subfield code='h'> </subfield><subfield code='j'>Available</subfield><subfield code='p'>CU74583921</subfield><subfield code='t'>1</subfield><subfield code='x'>Shared</subfield><subfield code='z'>CU</subfield><subfield code='l'>RECAP</subfield></datafield></record>