
<record><leader>00949cam a2200289   4500</leader><controlfield tag='001'>SCSB-5950464</controlfield><controlfield tag='005'>20000629172520.0</controlfield><controlfield tag='008'>771010s1977    nyu           00| 0|eng| </controlfield><controlfield tag='009'>.b10448164x</controlfield><datafield ind1=' ' ind2=' ' tag='010'><subfield code='a'>76055102</subfield></datafield><datafield ind1=' ' ind2=' ' tag='020'><subfield code='a'>0029263409</subfield></datafield><datafield ind1=' ' ind2=' ' tag='040'><subfield code='c'>NN</subfield><subfield code='d'>NN</subfield><subfield code='d'>WaOLN</subfield></datafield><datafield ind1=' ' ind2='0' tag='050'><subfield code='a'>JA76</subfield><subfield code='b'>.H38</subfield></datafield><datafield ind1='0' ind2='0' tag='245'><subfield code='a'>Handbook of political socialization :</subfield><subfield code='b'>theory and research /</subfield><subfield code='c'>edited by Stanley Allen Renshon.</subfield></datafield><datafield ind1=' ' ind2=' ' tag='260'><subfield code='a'>New York :</subfield><subfield code='b'>Free Press,</subfield><subfield code='c'>c1977.</subfield></datafield><datafield ind1=' ' ind2=' ' tag='300'><subfield code='a'>xi, 547 p.</subfield><subfield code='c'>24 cm.</subfield></datafield><datafield ind1=' ' ind2=' ' tag='490'><subfield code='a'>The Free Press series on political behavior.</subfield></datafield><datafield ind1=' ' ind2=' ' tag='504'><subfield code='a'>Bibliography: p. 468-528.</subfield></datafield><datafield ind1=' ' ind2=' ' tag='500'><subfield code='a'>Includes indexes.</subfield></datafield><datafield ind1=' ' ind2='0' tag='650'><subfield code='a'>Political socialization.</subfield></datafield><datafield ind1='1' ind2=' ' tag='700'><subfield code='a'>Renshon, Stanley Allen.</subfield></datafield><datafield ind1=' ' ind2=' ' tag='907'><subfield code='a'>.b10448164x</subfield><subfield code='c'>m</subfield><subfield code='d'>a</subfield><subfield code='e'>-</subfield><subfield code='f'>eng</subfield><subfield code='g'>nyu</subfield><subfield code='h'>0</subfield><subfield code='i'>1</subfield></datafield><datafield ind1=' ' ind2=' ' tag='991'><subfield code='y'>2968513</subfield></datafield><datafield ind1=' ' ind2=' ' tag='035'><subfield code='a'>(OCoLC)2968513</subfield></datafield><datafield ind1=' ' ind2=' ' tag='901'><subfield code='a'>746ccf00-658f-4478-ad0f-8d9d00bd1e2a</subfield><subfield code='b'>29</subfield><subfield code='c'>false</subfield></datafield><datafield ind1='8' ind2=' ' tag='852'><subfield code='h'>JLE 77-2555</subfield><subfield code='0'>5961732</subfield><subfield code='b'>scsbnypl</subfield></datafield><datafield ind1=' ' ind2=' ' tag='876'><subfield code='0'>5961732</subfield><subfield code='a'>9588571</subfield><subfield code='j'>Available</subfield><subfield code='p'>33433080991064</subfield><subfield code='t'>1</subfield><subfield code='x'>Open</subfield><subfield code='z'>NA</subfield><subfield code='l'>RECAP</subfield></datafield></record>