
<record><leader>00983cam a22002891  4500</leader><controlfield tag='001'>SCSB-3526155</controlfield><controlfield tag='003'>NNC</controlfield><controlfield tag='005'>20220615191807.0</controlfield><controlfield tag='008'>730424s1964    ctua     b    000 0 eng  </controlfield><controlfield tag='009'>2041214</controlfield><datafield ind1=' ' ind2=' ' tag='010'><subfield code='a'>   64020933 </subfield></datafield><datafield ind1=' ' ind2=' ' tag='015'><subfield code='a'>GB65-555</subfield></datafield><datafield ind1=' ' ind2=' ' tag='035'><subfield code='a'>(OCoLC)ocm00256061</subfield></datafield><datafield ind1=' ' ind2=' ' tag='035'><subfield code='9'>AMS0164CU</subfield></datafield><datafield ind1=' ' ind2=' ' tag='035'><subfield code='a'>2041214</subfield></datafield><datafield ind1=' ' ind2=' ' tag='040'><subfield code='a'>DLC</subfield><subfield code='c'>DLC</subfield><subfield code='d'>SER</subfield><subfield code='d'>UKM</subfield><subfield code='d'>ZCU</subfield></datafield><datafield ind1='0' ind2='0' tag='050'><subfield code='a'>HN15</subfield><subfield code='b'>.R83</subfield></datafield><datafield ind1='0' ind2=' ' tag='082'><subfield code='a'>301.018</subfield></datafield><datafield ind1='1' ind2=' ' tag='100'><subfield code='a'>Russett, Bruce M.</subfield><subfield code='0'>http://id.loc.gov/authorities/names/n81021919</subfield></datafield><datafield ind1='1' ind2='0' tag='245'><subfield code='a'>World handbook of political and social indicators /</subfield><subfield code='c'>by Bruce M. Russett and [others] With the assistance of Robert Bunselmeyer [and others]</subfield></datafield><datafield ind1=' ' ind2=' ' tag='260'><subfield code='a'>New Haven :</subfield><subfield code='b'>Yale University Press,</subfield><subfield code='c'>1964.</subfield></datafield><datafield ind1=' ' ind2=' ' tag='300'><subfield code='a'>x, 373 pages :</subfield><subfield code='b'>illustrations ;</subfield><subfield code='c'>26 cm</subfield></datafield><datafield ind1=' ' ind2=' ' tag='336'><subfield code='a'>text</subfield><subfield code='b'>txt</subfield><subfield code='2'>rdacontent</subfield></datafield><datafield ind1=' ' ind2=' ' tag='337'><subfield code='a'>unmediated</subfield><subfield code='b'>n</subfield><subfield code='2'>rdamedia</subfield></datafield><datafield ind1=' ' ind2=' ' tag='504'><subfield code='a'>Bibliographical footnotes.</subfield></datafield><datafield ind1=' ' ind2='0' tag='650'><subfield code='a'>Social indicators.</subfield><subfield code='0'>http://id.loc.gov/authorities/subjects/sh85123962</subfield></datafield><datafield ind1=' ' ind2=' ' tag='901'><subfield code='a'>60f8fa2e-155c-4bd4-b899-eb272fb61ec6</subfield><subfield code='b'>13</subfield><subfield code='c'>false</subfield></datafield><datafield ind1='0' ind2='0' tag='852'><subfield code='h'>HN15 .R83</subfield><subfield code='0'>3528867</subfield><subfield code='b'>scsbcul</subfield></datafield><datafield ind1=' ' ind2=' ' tag='876'><subfield code='0'>3528867</subfield><subfield code='a'>5270699</subfield><subfield code='h'> </subfield><subfield code='j'>Available</subfield><subfield code='p'>CU70502684</subfield><subfield code='t'>1</subfield><subfield code='x'>Shared</subfield><subfield code='z'>CU</subfield><subfield code='l'>RECAP</subfield></datafield></record>