
<record><leader>01215cam a22003131  4500</leader><controlfield tag='001'>SCSB-7104803</controlfield><controlfield tag='003'>OCoLC</controlfield><controlfield tag='005'>20001116192230.4</controlfield><controlfield tag='008'>730424s1964    ctua     b    000 0 eng  </controlfield><controlfield tag='009'>.b138525730</controlfield><datafield ind1=' ' ind2=' ' tag='010'><subfield code='a'>64020933</subfield></datafield><datafield ind1=' ' ind2=' ' tag='015'><subfield code='a'>GB65-555</subfield></datafield><datafield ind1=' ' ind2=' ' tag='040'><subfield code='a'>DLC</subfield><subfield code='c'>DLC</subfield><subfield code='d'>SER</subfield><subfield code='d'>UKM</subfield><subfield code='d'>NYP</subfield><subfield code='d'>WaOLN</subfield></datafield><datafield ind1=' ' ind2=' ' tag='049'><subfield code='a'>NYPE</subfield></datafield><datafield ind1='0' ind2='0' tag='050'><subfield code='a'>HN15</subfield><subfield code='b'>.R83</subfield></datafield><datafield ind1='0' ind2='0' tag='082'><subfield code='a'>301.018</subfield></datafield><datafield ind1='1' ind2=' ' tag='100'><subfield code='a'>Russett, Bruce M.</subfield></datafield><datafield ind1='1' ind2='0' tag='245'><subfield code='a'>World handbook of political and social indicators,</subfield><subfield code='c'>by Bruce M. Russett and [others] With the assistance of Robert Bunselmeyer [and others]</subfield></datafield><datafield ind1=' ' ind2=' ' tag='260'><subfield code='a'>New Haven,</subfield><subfield code='b'>Yale University Press,</subfield><subfield code='c'>1964.</subfield></datafield><datafield ind1=' ' ind2=' ' tag='300'><subfield code='a'>x, 373 p.</subfield><subfield code='b'>illus.</subfield><subfield code='c'>26 cm.</subfield></datafield><datafield ind1=' ' ind2=' ' tag='504'><subfield code='a'>Includes bibliographical references.</subfield></datafield><datafield ind1=' ' ind2='0' tag='650'><subfield code='a'>Social indicators.</subfield></datafield><datafield ind1=' ' ind2=' ' tag='907'><subfield code='a'>.b138525730</subfield><subfield code='c'>m</subfield><subfield code='d'>a</subfield><subfield code='e'>-</subfield><subfield code='f'>eng</subfield><subfield code='g'>ctu</subfield><subfield code='h'>0</subfield><subfield code='i'>1</subfield></datafield><datafield ind1=' ' ind2=' ' tag='035'><subfield code='a'>(OCoLC)256061</subfield></datafield><datafield ind1=' ' ind2=' ' tag='901'><subfield code='a'>60f8fa2e-155c-4bd4-b899-eb272fb61ec6</subfield><subfield code='b'>13</subfield><subfield code='c'>false</subfield></datafield><datafield ind1='8' ind2=' ' tag='852'><subfield code='h'>JLF 77-964</subfield><subfield code='0'>7196853</subfield><subfield code='b'>scsbnypl</subfield></datafield><datafield ind1=' ' ind2=' ' tag='876'><subfield code='0'>7196853</subfield><subfield code='a'>11699644</subfield><subfield code='j'>Available</subfield><subfield code='p'>33433035130479</subfield><subfield code='t'>1</subfield><subfield code='x'>Shared</subfield><subfield code='z'>NA</subfield><subfield code='l'>RECAP</subfield></datafield><datafield ind1='8' ind2=' ' tag='852'><subfield code='h'>SDC (Russett, B. M. World handbook of political and social indicators) (SIBL)</subfield><subfield code='0'>7196854</subfield><subfield code='b'>scsbnypl</subfield></datafield><datafield ind1=' ' ind2=' ' tag='876'><subfield code='0'>7196854</subfield><subfield code='a'>11699645</subfield><subfield code='j'>Available</subfield><subfield code='p'>33433090857222</subfield><subfield code='t'>1</subfield><subfield code='x'>Shared</subfield><subfield code='z'>NA</subfield><subfield code='l'>RECAP</subfield></datafield></record>