
<record><leader>01210cam a2200325   4500</leader><controlfield tag='001'>SCSB-8438492</controlfield><controlfield tag='005'>19990221095505.5</controlfield><controlfield tag='008'>731224s1972    ctua     bs   001 0 eng  </controlfield><controlfield tag='009'>.b101250563</controlfield><datafield ind1=' ' ind2=' ' tag='010'><subfield code='a'>70179479 //r85</subfield></datafield><datafield ind1=' ' ind2=' ' tag='020'><subfield code='a'>0300015550</subfield><subfield code='c'>$15.00</subfield></datafield><datafield ind1=' ' ind2=' ' tag='040'><subfield code='d'>NN</subfield><subfield code='d'>WaOLN</subfield></datafield><datafield ind1='0' ind2='0' tag='050'><subfield code='a'>HN15</subfield><subfield code='b'>.T37 1972</subfield></datafield><datafield ind1='0' ind2='0' tag='082'><subfield code='a'>301/.01/8</subfield></datafield><datafield ind1='1' ind2=' ' tag='100'><subfield code='a'>Taylor, Charles Lewis.</subfield></datafield><datafield ind1='1' ind2='0' tag='245'><subfield code='a'>World handbook of political and social indicators,</subfield><subfield code='c'>by Charles Lewis Taylor and Michael C. Hudson. With the collaboration of Katherine H. Dolan [and others]</subfield></datafield><datafield ind1=' ' ind2=' ' tag='250'><subfield code='a'>2d ed.</subfield></datafield><datafield ind1=' ' ind2=' ' tag='260'><subfield code='a'>New Haven,</subfield><subfield code='b'>Yale University Press,</subfield><subfield code='c'>1972.</subfield></datafield><datafield ind1=' ' ind2=' ' tag='300'><subfield code='a'>xiv, 443 p.</subfield><subfield code='b'>illus.</subfield><subfield code='c'>26 cm.</subfield></datafield><datafield ind1=' ' ind2=' ' tag='500'><subfield code='a'>First ed. by Bruce M. Russett, published in 1964.</subfield></datafield><datafield ind1=' ' ind2=' ' tag='504'><subfield code='a'>Includes bibliographical references and index.</subfield></datafield><datafield ind1=' ' ind2='0' tag='650'><subfield code='a'>Social indicators.</subfield></datafield><datafield ind1=' ' ind2='0' tag='650'><subfield code='a'>Political indicators.</subfield></datafield><datafield ind1='1' ind2=' ' tag='700'><subfield code='a'>Hudson, Michael C.</subfield></datafield><datafield ind1='1' ind2=' ' tag='700'><subfield code='a'>Russett, Bruce M.</subfield><subfield code='t'>World handbook of political and social indicators.</subfield></datafield><datafield ind1=' ' ind2=' ' tag='907'><subfield code='a'>.b101250563</subfield><subfield code='c'>m</subfield><subfield code='d'>a</subfield><subfield code='e'>-</subfield><subfield code='f'>eng</subfield><subfield code='g'>ctu</subfield><subfield code='h'>0</subfield><subfield code='i'>1</subfield></datafield><datafield ind1=' ' ind2=' ' tag='991'><subfield code='y'>529884</subfield></datafield><datafield ind1=' ' ind2=' ' tag='035'><subfield code='a'>(OCoLC)529884</subfield></datafield><datafield ind1='8' ind2=' ' tag='852'><subfield code='h'>JLF 84-1074</subfield><subfield code='0'>8594035</subfield><subfield code='b'>scsbnypl</subfield></datafield><datafield ind1=' ' ind2=' ' tag='876'><subfield code='0'>8594035</subfield><subfield code='a'>14010752</subfield><subfield code='j'>Available</subfield><subfield code='p'>33433079586800</subfield><subfield code='t'>1</subfield><subfield code='x'>Shared</subfield><subfield code='z'>NA</subfield><subfield code='l'>RECAP</subfield></datafield></record>