
<record><leader>02520cam a2200385 a 4500</leader><controlfield tag='001'>SCSB-3211986</controlfield><controlfield tag='003'>NNC</controlfield><controlfield tag='005'>20220608193213.0</controlfield><controlfield tag='008'>870912t19111911nyuc     r    000 0ceng  </controlfield><controlfield tag='009'>1585124</controlfield><datafield ind1=' ' ind2=' ' tag='010'><subfield code='a'>   11018946 </subfield></datafield><datafield ind1=' ' ind2=' ' tag='035'><subfield code='a'>(OCoLC)ocm16672308</subfield></datafield><datafield ind1=' ' ind2=' ' tag='035'><subfield code='9'>AKH5888CU</subfield></datafield><datafield ind1=' ' ind2=' ' tag='035'><subfield code='a'>(NNC)1585124</subfield></datafield><datafield ind1=' ' ind2=' ' tag='035'><subfield code='a'>1585124</subfield></datafield><datafield ind1=' ' ind2=' ' tag='040'><subfield code='a'>DLC</subfield><subfield code='c'>EEX</subfield><subfield code='d'>EEX</subfield><subfield code='d'>MHS</subfield><subfield code='d'>ZCU</subfield></datafield><datafield ind1=' ' ind2=' ' tag='043'><subfield code='a'>n-us-nj</subfield></datafield><datafield ind1='0' ind2='0' tag='050'><subfield code='a'>E263.N5</subfield><subfield code='b'>C2</subfield></datafield><datafield ind1='1' ind2=' ' tag='100'><subfield code='a'>Campbell, James Wall Schureman,</subfield><subfield code='d'>1854-1928.</subfield><subfield code='0'>http://id.loc.gov/authorities/names/n88677413</subfield></datafield><datafield ind1='1' ind2='0' tag='245'><subfield code='a'>Digest and revision of Stryker&apos;s Officers and men of New Jersey in the Revolutionary War :</subfield><subfield code='b'>for the use of the Society of the Cincinnati in the State of New Jersey /</subfield><subfield code='c'>together with a copy of the order on John Pierce, ... payable to Richard Cox, ... Signed at Princeton, N.J., September 23rd, 1783, also, a copy of the account of Richard Cox, Treasurer, with John Pierce, Paymaster-General, in connection therewith, and a list of members with an exhibit of delinquent members of the Society of the Cincinnati in the State of New Jersey, made by Richard Cox, Treasurer, July 5, 1788 / revised and compiled by James Wall Schureman Campbell.</subfield></datafield><datafield ind1=' ' ind2=' ' tag='260'><subfield code='a'>[New York] :</subfield><subfield code='b'>[Williams Print. Co.],</subfield><subfield code='c'>[1911], [©1911]</subfield></datafield><datafield ind1=' ' ind2=' ' tag='300'><subfield code='a'>49 pages, 1 unnumbered leaf of plates :</subfield><subfield code='b'>portrait ;</subfield><subfield code='c'>25 cm</subfield></datafield><datafield ind1=' ' ind2=' ' tag='336'><subfield code='a'>text</subfield><subfield code='b'>txt</subfield><subfield code='2'>rdacontent</subfield></datafield><datafield ind1=' ' ind2=' ' tag='337'><subfield code='a'>unmediated</subfield><subfield code='b'>n</subfield><subfield code='2'>rdamedia</subfield></datafield><datafield ind1=' ' ind2=' ' tag='500'><subfield code='a'>Title from cover; Roster of the officers of the New Jersey Continental Line in the Revolutionary War who were eligible to membership in the Society of the Cincinnati.</subfield></datafield><datafield ind1='1' ind2='0' tag='610'><subfield code='a'>New Jersey.</subfield><subfield code='b'>Militia.</subfield><subfield code='0'>http://id.loc.gov/authorities/names/n85372422</subfield></datafield><datafield ind1=' ' ind2='0' tag='651'><subfield code='a'>New Jersey</subfield><subfield code='x'>History</subfield><subfield code='y'>Revolution, 1775-1783.</subfield><subfield code='0'>http://id.loc.gov/authorities/subjects/sh85091331</subfield></datafield><datafield ind1=' ' ind2='0' tag='651'><subfield code='a'>United States</subfield><subfield code='x'>History</subfield><subfield code='y'>Revolution, 1775-1783</subfield><subfield code='v'>Registers.</subfield><subfield code='0'>http://id.loc.gov/authorities/subjects/sh2007100055</subfield></datafield><datafield ind1=' ' ind2='0' tag='651'><subfield code='a'>New Jersey</subfield><subfield code='v'>Biography.</subfield><subfield code='0'>http://id.loc.gov/authorities/subjects/sh2008116306</subfield></datafield><datafield ind1='1' ind2=' ' tag='710'><subfield code='a'>New Jersey.</subfield><subfield code='b'>Adjutant-General&apos;s Office.</subfield><subfield code='t'>Official register of the officers and men of New Jersey in the Revolutionary War.</subfield></datafield><datafield ind1='2' ind2=' ' tag='710'><subfield code='a'>Society of the Cincinnati in the State of New Jersey.</subfield><subfield code='0'>http://id.loc.gov/authorities/names/n50075550</subfield></datafield><datafield ind1='1' ind2=' ' tag='700'><subfield code='a'>Cox, Richard,</subfield><subfield code='d'>1755-1816.</subfield><subfield code='0'>http://id.loc.gov/authorities/names/no95034378</subfield></datafield><datafield ind1='1' ind2=' ' tag='700'><subfield code='a'>Pierce, John,</subfield><subfield code='d'>-1788.</subfield><subfield code='0'>http://id.loc.gov/authorities/names/no95034379</subfield></datafield><datafield ind1='0' ind2=' ' tag='740'><subfield code='a'>Roster of the officers of the New Jersey Continental Line.</subfield></datafield><datafield ind1=' ' ind2=' ' tag='901'><subfield code='a'>38480861-f677-4ff0-b8e6-02c96aeb8f63</subfield><subfield code='b'>13</subfield><subfield code='c'>false</subfield></datafield><datafield ind1='8' ind2='0' tag='852'><subfield code='h'>977.6 C153</subfield><subfield code='0'>3196700</subfield><subfield code='b'>scsbcul</subfield></datafield><datafield ind1=' ' ind2=' ' tag='876'><subfield code='0'>3196700</subfield><subfield code='a'>4887545</subfield><subfield code='h'> </subfield><subfield code='j'>Available</subfield><subfield code='p'>CU54334829</subfield><subfield code='t'>1</subfield><subfield code='x'>Shared</subfield><subfield code='z'>CU</subfield><subfield code='l'>RECAP</subfield></datafield></record>