
<record><leader>02353cam a2200373Ia 4500</leader><controlfield tag='001'>SCSB-8162385</controlfield><controlfield tag='003'>OCoLC</controlfield><controlfield tag='005'>20000629184353.0</controlfield><controlfield tag='008'>870912s1911    nyuc     r    000 0ceng  </controlfield><controlfield tag='009'>.b126793438</controlfield><datafield ind1=' ' ind2=' ' tag='010'><subfield code='a'>11018946</subfield></datafield><datafield ind1=' ' ind2=' ' tag='040'><subfield code='a'>DLC</subfield><subfield code='c'>EEX</subfield><subfield code='d'>EEX</subfield><subfield code='d'>MHS</subfield><subfield code='d'>NYP</subfield><subfield code='d'>WaOLN</subfield></datafield><datafield ind1=' ' ind2=' ' tag='043'><subfield code='a'>n-us-nj</subfield></datafield><datafield ind1=' ' ind2=' ' tag='049'><subfield code='a'>NYPL</subfield></datafield><datafield ind1='0' ind2='0' tag='050'><subfield code='a'>E263.N5</subfield><subfield code='b'>C2</subfield></datafield><datafield ind1='1' ind2=' ' tag='100'><subfield code='a'>Campbell, James Wall Schureman,</subfield><subfield code='d'>1854-1928.</subfield></datafield><datafield ind1='1' ind2='0' tag='245'><subfield code='a'>Digest and revision of Stryker&apos;s Officers and men of New Jersey in the Revolutionary War :</subfield><subfield code='b'>for the use of the Society of the Cincinnati in the State of New Jersey : together with a copy of the order on John Pierce, ... payable to Richard Cox, ... Signed at Princeton, N.J., September 23rd, 1783, also, a copy of the account of Richard Cox, Treasurer, with John Pierce, Paymaster-General, in connection therewith, and a list of members with an exhibit of delinquent members of the Society of the Cincinnati in the State of New Jersey, made by Richard Cox, Treasurer, July 5, 1788 /</subfield><subfield code='c'>revised and compiled by James Wall Schureman Campbell.</subfield></datafield><datafield ind1=' ' ind2=' ' tag='260'><subfield code='a'>[New York,</subfield><subfield code='b'>Williams Print. Co.,</subfield><subfield code='c'>c1911].</subfield></datafield><datafield ind1=' ' ind2=' ' tag='300'><subfield code='a'>49 p., [1] leaf of plates :</subfield><subfield code='b'>port. ;</subfield><subfield code='c'>25 cm.</subfield></datafield><datafield ind1=' ' ind2=' ' tag='500'><subfield code='a'>Title from cover; Roster of the officers of the New Jersey Continental Line in the Revolutionary War who were eligible to membership in the Society of the Cincinnati.</subfield></datafield><datafield ind1='1' ind2='0' tag='610'><subfield code='a'>New Jersey.</subfield><subfield code='b'>Militia.</subfield></datafield><datafield ind1=' ' ind2='0' tag='651'><subfield code='a'>New Jersey</subfield><subfield code='x'>History</subfield><subfield code='y'>Revolution, 1775-1783.</subfield></datafield><datafield ind1=' ' ind2='0' tag='651'><subfield code='a'>United States</subfield><subfield code='x'>History</subfield><subfield code='y'>Revolution, 1775-1783</subfield><subfield code='v'>Registers.</subfield></datafield><datafield ind1=' ' ind2='0' tag='651'><subfield code='a'>New Jersey</subfield><subfield code='v'>Biography.</subfield></datafield><datafield ind1='1' ind2=' ' tag='700'><subfield code='a'>Cox, Richard,</subfield><subfield code='d'>1755-1816.</subfield></datafield><datafield ind1='1' ind2=' ' tag='700'><subfield code='a'>Pierce, John,</subfield><subfield code='d'>d. 1788.</subfield></datafield><datafield ind1='1' ind2=' ' tag='700'><subfield code='a'>Campbell, James Wall Schureman.</subfield></datafield><datafield ind1='1' ind2=' ' tag='710'><subfield code='a'>New Jersey.</subfield><subfield code='b'>Adjutant-General&apos;s Office.</subfield><subfield code='t'>Official register of the officers and men of New Jersey in the Revolutionary War.</subfield></datafield><datafield ind1='2' ind2=' ' tag='710'><subfield code='a'>Society of the Cincinnati in the State of New Jersey.</subfield></datafield><datafield ind1='0' ind2=' ' tag='740'><subfield code='a'>Roster of the officers of the New Jersey Continental Line.</subfield></datafield><datafield ind1=' ' ind2=' ' tag='907'><subfield code='a'>.b126793438</subfield><subfield code='c'>m</subfield><subfield code='d'>a</subfield><subfield code='e'>-</subfield><subfield code='f'>eng</subfield><subfield code='g'>nyu</subfield><subfield code='h'>0</subfield><subfield code='i'>1</subfield></datafield><datafield ind1=' ' ind2=' ' tag='035'><subfield code='a'>(OCoLC)16672308</subfield></datafield><datafield ind1=' ' ind2=' ' tag='901'><subfield code='a'>38480861-f677-4ff0-b8e6-02c96aeb8f63</subfield><subfield code='b'>13</subfield><subfield code='c'>false</subfield></datafield><datafield ind1='8' ind2=' ' tag='852'><subfield code='h'>IGF (N.J.) (Society of the Cincinnati, New Jersey. Digest and revision of Stryker&apos;s officers and men)</subfield><subfield code='0'>8312097</subfield><subfield code='b'>scsbnypl</subfield></datafield><datafield ind1=' ' ind2=' ' tag='876'><subfield code='0'>8312097</subfield><subfield code='a'>13666661</subfield><subfield code='h'>In Library Use</subfield><subfield code='j'>Available</subfield><subfield code='p'>33433097921294</subfield><subfield code='t'>1</subfield><subfield code='x'>Open</subfield><subfield code='z'>NA</subfield><subfield code='l'>RECAP</subfield></datafield></record>