
<record><leader>00939cam a2200265   4500</leader><controlfield tag='001'>SCSB-2868774</controlfield><controlfield tag='003'>NNC</controlfield><controlfield tag='005'>20220526050957.0</controlfield><controlfield tag='008'>760621s1912    enkcf         001 0beng  </controlfield><controlfield tag='009'>983139</controlfield><datafield ind1=' ' ind2=' ' tag='010'><subfield code='a'>   13009487 </subfield></datafield><datafield ind1=' ' ind2=' ' tag='035'><subfield code='a'>(OCoLC)ocm02271709</subfield></datafield><datafield ind1=' ' ind2=' ' tag='035'><subfield code='9'>AFJ8796CU</subfield></datafield><datafield ind1=' ' ind2=' ' tag='035'><subfield code='a'>983139</subfield></datafield><datafield ind1=' ' ind2=' ' tag='040'><subfield code='a'>DLC</subfield><subfield code='c'>DGU</subfield><subfield code='d'>m.c.</subfield><subfield code='d'>ZCU</subfield></datafield><datafield ind1='0' ind2='0' tag='050'><subfield code='a'>B1665.Z7</subfield><subfield code='b'>S7</subfield></datafield><datafield ind1='1' ind2=' ' tag='100'><subfield code='a'>Stirling, Amelia Hutchison.</subfield><subfield code='0'>http://id.loc.gov/authorities/names/n92112795</subfield></datafield><datafield ind1='1' ind2='0' tag='245'><subfield code='a'>James Hutchison Stirling :</subfield><subfield code='b'>his life and work /</subfield><subfield code='c'>by Amelia Hutchison Stirling; with a pref. by the Right Hon. Viscount Haldane of Cloan.</subfield></datafield><datafield ind1=' ' ind2=' ' tag='260'><subfield code='a'>London :</subfield><subfield code='b'>T. F. Unwin,</subfield><subfield code='c'>1912.</subfield></datafield><datafield ind1=' ' ind2=' ' tag='300'><subfield code='a'>379 pages :</subfield><subfield code='b'>frontispiece, plates, facsimiles ;</subfield><subfield code='c'>23 cm</subfield></datafield><datafield ind1=' ' ind2=' ' tag='336'><subfield code='a'>text</subfield><subfield code='2'>rdacontent</subfield></datafield><datafield ind1=' ' ind2=' ' tag='337'><subfield code='a'>unmediated</subfield><subfield code='2'>rdamedia</subfield></datafield><datafield ind1=' ' ind2=' ' tag='338'><subfield code='a'>volume</subfield><subfield code='2'>rdacarrier</subfield></datafield><datafield ind1='1' ind2='0' tag='600'><subfield code='a'>Stirling, James Hutchison,</subfield><subfield code='d'>1820-1909.</subfield><subfield code='0'>http://id.loc.gov/authorities/names/n79059277</subfield></datafield><datafield ind1=' ' ind2=' ' tag='901'><subfield code='a'>f235b482-fdbc-4147-930f-9af2c4a9ce51</subfield><subfield code='b'>13</subfield><subfield code='c'>false</subfield></datafield><datafield ind1='8' ind2='0' tag='852'><subfield code='h'>192St5 BS</subfield><subfield code='0'>2846264</subfield><subfield code='b'>scsbcul</subfield></datafield><datafield ind1=' ' ind2=' ' tag='876'><subfield code='0'>2846264</subfield><subfield code='a'>4486249</subfield><subfield code='h'> </subfield><subfield code='j'>Available</subfield><subfield code='p'>1000356310</subfield><subfield code='t'>1</subfield><subfield code='x'>Open</subfield><subfield code='z'>CU</subfield><subfield code='l'>RECAP</subfield></datafield></record>