
<record><leader>01266cam a22003614a 4500</leader><controlfield tag='001'>SCSB-8733091</controlfield><controlfield tag='003'>OCoLC</controlfield><controlfield tag='005'>20030915080809.2</controlfield><controlfield tag='008'>030307s2003    enk      b    001 0 eng  </controlfield><controlfield tag='009'>.b158095741</controlfield><datafield ind1=' ' ind2=' ' tag='010'><subfield code='a'>2003045448</subfield></datafield><datafield ind1=' ' ind2=' ' tag='015'><subfield code='a'>GBA3-X8910</subfield></datafield><datafield ind1=' ' ind2=' ' tag='020'><subfield code='a'>1852337230 (alk. paper)</subfield></datafield><datafield ind1=' ' ind2=' ' tag='040'><subfield code='a'>DLC</subfield><subfield code='c'>DLC</subfield><subfield code='d'>UKM</subfield><subfield code='d'>C#P</subfield><subfield code='d'>NYP</subfield><subfield code='d'>OCoLC</subfield></datafield><datafield ind1='1' ind2=' ' tag='041'><subfield code='a'>eng</subfield><subfield code='h'>lat</subfield></datafield><datafield ind1=' ' ind2=' ' tag='042'><subfield code='a'>pcc</subfield></datafield><datafield ind1=' ' ind2=' ' tag='049'><subfield code='a'>NYPS</subfield></datafield><datafield ind1='0' ind2='0' tag='050'><subfield code='a'>QA297</subfield><subfield code='b'>.S813513 2003</subfield></datafield><datafield ind1='0' ind2='0' tag='082'><subfield code='a'>519.4</subfield><subfield code='2'>21</subfield></datafield><datafield ind1='1' ind2=' ' tag='100'><subfield code='a'>Stirling, James,</subfield><subfield code='d'>1692-1770.</subfield></datafield><datafield ind1='1' ind2='0' tag='240'><subfield code='a'>Methodus differentialis.</subfield><subfield code='l'>English</subfield></datafield><datafield ind1='1' ind2='0' tag='245'><subfield code='a'>James Stirling&apos;s Methodus differentialis :</subfield><subfield code='b'>an annotated translation of Stirling&apos;s text /</subfield><subfield code='c'>Ian Tweddle.</subfield></datafield><datafield ind1='3' ind2='0' tag='246'><subfield code='a'>Methodus differentialis</subfield></datafield><datafield ind1=' ' ind2=' ' tag='260'><subfield code='a'>London ;</subfield><subfield code='a'>New York :</subfield><subfield code='b'>Springer,</subfield><subfield code='c'>c2003.</subfield></datafield><datafield ind1=' ' ind2=' ' tag='300'><subfield code='a'>viii, 295 p. :</subfield><subfield code='b'>ill. ;</subfield><subfield code='c'>25 cm.</subfield></datafield><datafield ind1=' ' ind2='0' tag='440'><subfield code='a'>Sources and studies in the history of mathematics and physical sciences</subfield></datafield><datafield ind1=' ' ind2=' ' tag='504'><subfield code='a'>Includes bibliographical references (p. [289]-292) and index.</subfield></datafield><datafield ind1=' ' ind2='0' tag='650'><subfield code='a'>Numerical analysis</subfield><subfield code='v'>Early works to 1800.</subfield></datafield><datafield ind1='1' ind2=' ' tag='700'><subfield code='a'>Tweddle, Ian.</subfield></datafield><datafield ind1=' ' ind2=' ' tag='907'><subfield code='a'>.b158095741</subfield><subfield code='c'>m</subfield><subfield code='d'>a</subfield><subfield code='e'>-</subfield><subfield code='f'>eng</subfield><subfield code='g'>enk</subfield><subfield code='h'>0</subfield><subfield code='i'>1</subfield></datafield><datafield ind1=' ' ind2=' ' tag='035'><subfield code='a'>(OCoLC)51861920</subfield></datafield><datafield ind1=' ' ind2=' ' tag='901'><subfield code='a'>b9a2140a-1d67-4322-ac08-2412eddbb665</subfield><subfield code='b'>29</subfield><subfield code='c'>false</subfield></datafield><datafield ind1='8' ind2=' ' tag='852'><subfield code='h'>JSE 03-526</subfield><subfield code='0'>8893990</subfield><subfield code='b'>scsbnypl</subfield></datafield><datafield ind1=' ' ind2=' ' tag='876'><subfield code='0'>8893990</subfield><subfield code='a'>14462657</subfield><subfield code='j'>Available</subfield><subfield code='p'>33433057419289</subfield><subfield code='t'>1</subfield><subfield code='x'>Open</subfield><subfield code='z'>NA</subfield><subfield code='l'>RECAP</subfield></datafield></record>