
<record><leader>01551cam a22003974a 4500</leader><controlfield tag='001'>SCSB-4823414</controlfield><controlfield tag='003'>NNC</controlfield><controlfield tag='005'>20221027045527.0</controlfield><controlfield tag='008'>030307t20032003enk      b    001 0 eng  </controlfield><controlfield tag='009'>4172532</controlfield><datafield ind1=' ' ind2=' ' tag='010'><subfield code='a'>  2003045448</subfield></datafield><datafield ind1=' ' ind2=' ' tag='015'><subfield code='a'>GBA3-X8910</subfield></datafield><datafield ind1='7' ind2=' ' tag='016'><subfield code='a'>966477901</subfield><subfield code='2'>GyFmDB</subfield></datafield><datafield ind1=' ' ind2=' ' tag='020'><subfield code='a'>1852337230 (alk. paper)</subfield></datafield><datafield ind1=' ' ind2=' ' tag='035'><subfield code='a'>(OCoLC)ocm51861920</subfield></datafield><datafield ind1=' ' ind2=' ' tag='035'><subfield code='a'>(NNC)4172532</subfield></datafield><datafield ind1=' ' ind2=' ' tag='035'><subfield code='a'>4172532</subfield></datafield><datafield ind1=' ' ind2=' ' tag='040'><subfield code='a'>DLC</subfield><subfield code='c'>DLC</subfield><subfield code='d'>UKM</subfield><subfield code='d'>C#P</subfield><subfield code='d'>OHX</subfield></datafield><datafield ind1='1' ind2=' ' tag='041'><subfield code='a'>eng</subfield><subfield code='h'>lat</subfield></datafield><datafield ind1=' ' ind2=' ' tag='042'><subfield code='a'>pcc</subfield></datafield><datafield ind1='0' ind2='0' tag='050'><subfield code='a'>QA297</subfield><subfield code='b'>.S813513 2003</subfield></datafield><datafield ind1=' ' ind2='7' tag='072'><subfield code='a'>QA</subfield><subfield code='2'>lcco</subfield></datafield><datafield ind1='0' ind2='0' tag='082'><subfield code='a'>519.4</subfield><subfield code='2'>21</subfield></datafield><datafield ind1='1' ind2=' ' tag='100'><subfield code='a'>Stirling, James,</subfield><subfield code='d'>1692-1770.</subfield><subfield code='0'>http://id.loc.gov/authorities/names/n86867052</subfield></datafield><datafield ind1='1' ind2='0' tag='240'><subfield code='a'>Methodus differentialis.</subfield><subfield code='l'>English</subfield><subfield code='0'>http://id.loc.gov/authorities/names/n2003007154</subfield></datafield><datafield ind1='1' ind2='0' tag='245'><subfield code='a'>James Stirling&apos;s Methodus differentialis :</subfield><subfield code='b'>an annotated translation of Stirling&apos;s text /</subfield><subfield code='c'>Ian Tweddle.</subfield></datafield><datafield ind1='3' ind2='0' tag='246'><subfield code='a'>Methodus differentialis</subfield></datafield><datafield ind1=' ' ind2=' ' tag='260'><subfield code='a'>London ;</subfield><subfield code='a'>New York :</subfield><subfield code='b'>Springer,</subfield><subfield code='c'>[2003], ©2003.</subfield></datafield><datafield ind1=' ' ind2=' ' tag='300'><subfield code='a'>viii, 295 pages :</subfield><subfield code='b'>illustrations ;</subfield><subfield code='c'>25 cm.</subfield></datafield><datafield ind1=' ' ind2=' ' tag='336'><subfield code='a'>text</subfield><subfield code='b'>txt</subfield><subfield code='2'>rdacontent</subfield></datafield><datafield ind1=' ' ind2=' ' tag='337'><subfield code='a'>unmediated</subfield><subfield code='b'>n</subfield><subfield code='2'>rdamedia</subfield></datafield><datafield ind1='1' ind2=' ' tag='490'><subfield code='a'>Sources and studies in the history of mathematics and physical sciences</subfield></datafield><datafield ind1=' ' ind2=' ' tag='504'><subfield code='a'>Includes bibliographical references (p. [289]-292) and index.</subfield></datafield><datafield ind1=' ' ind2='0' tag='650'><subfield code='a'>Numerical analysis</subfield><subfield code='v'>Early works to 1800.</subfield></datafield><datafield ind1='1' ind2=' ' tag='700'><subfield code='a'>Tweddle, Ian.</subfield><subfield code='0'>http://id.loc.gov/authorities/names/nr91016355</subfield></datafield><datafield ind1=' ' ind2='0' tag='830'><subfield code='a'>Sources and studies in the history of mathematics and physical sciences.</subfield><subfield code='0'>http://id.loc.gov/authorities/names/n99050535</subfield></datafield><datafield ind1=' ' ind2=' ' tag='901'><subfield code='a'>b9a2140a-1d67-4322-ac08-2412eddbb665</subfield><subfield code='b'>29</subfield><subfield code='c'>false</subfield></datafield><datafield ind1='0' ind2='0' tag='852'><subfield code='h'>QA297 .S813513 2003</subfield><subfield code='0'>4833334</subfield><subfield code='b'>scsbcul</subfield></datafield><datafield ind1=' ' ind2=' ' tag='876'><subfield code='0'>4833334</subfield><subfield code='a'>7312359</subfield><subfield code='h'> </subfield><subfield code='j'>Available</subfield><subfield code='p'>CU64314545</subfield><subfield code='t'>1</subfield><subfield code='x'>Open</subfield><subfield code='z'>CU</subfield><subfield code='l'>RECAP</subfield></datafield></record>