
<record><leader>01165nam a2200313Ia 4500</leader><controlfield tag='001'>SCSB-10071218</controlfield><controlfield tag='005'>20020606090541.3</controlfield><controlfield tag='008'>861030s1986    enkaec   b    00110 eng d</controlfield><controlfield tag='009'>990005573070203941</controlfield><datafield ind1=' ' ind2=' ' tag='020'><subfield code='z'>050034101x</subfield></datafield><datafield ind1=' ' ind2=' ' tag='035'><subfield code='a'>(OCoLC)17164747</subfield><subfield code='z'>(OCoLC)14579213</subfield><subfield code='z'>(OCoLC)20417706</subfield><subfield code='z'>(OCoLC)1114518319</subfield><subfield code='z'>(OCoLC)1170783726</subfield><subfield code='z'>(OCoLC)1202896205</subfield><subfield code='z'>(OCoLC)1559268999</subfield></datafield><datafield ind1=' ' ind2=' ' tag='040'><subfield code='a'>FLL</subfield><subfield code='c'>FLL</subfield></datafield><datafield ind1=' ' ind2=' ' tag='043'><subfield code='a'>e-uk---</subfield></datafield><datafield ind1='0' ind2='0' tag='050'><subfield code='a'>NA968</subfield><subfield code='b'>.S86 1986</subfield></datafield><datafield ind1='1' ind2=' ' tag='100'><subfield code='a'>Sudjic, Deyan</subfield></datafield><datafield ind1='1' ind2='0' tag='245'><subfield code='a'>Norman Foster, Richard Rogers, James Stirling :</subfield><subfield code='b'>new directions in British architecture /</subfield><subfield code='c'>Deyan Sudjic.</subfield></datafield><datafield ind1=' ' ind2=' ' tag='260'><subfield code='a'>[London, England] :</subfield><subfield code='b'>Thames and Hudson,</subfield><subfield code='c'>c1986.</subfield></datafield><datafield ind1=' ' ind2=' ' tag='300'><subfield code='a'>206 p. :</subfield><subfield code='b'>ill. (some col.), plans, ports. ;</subfield><subfield code='c'>27 cm.</subfield></datafield><datafield ind1=' ' ind2=' ' tag='500'><subfield code='a'>Includes index.</subfield></datafield><datafield ind1=' ' ind2=' ' tag='500'><subfield code='a'>&quot; ... published on the occasion of a major exhibition at the Royal Academy, London.&quot;--Jacket.</subfield></datafield><datafield ind1=' ' ind2=' ' tag='504'><subfield code='a'>Bibliography: p. [200-201].</subfield></datafield><datafield ind1='0' ind2=' ' tag='505'><subfield code='a'>Introduction to the exhibit -- The modern tradition -- The machine aesthetic -- Architecture as a political art -- Working methods -- Plan and non-plan -- Building in the city -- Living with the past -- Monuments for a secular age.</subfield></datafield><datafield ind1='1' ind2='0' tag='600'><subfield code='a'>Foster, Norman,</subfield><subfield code='d'>1935-</subfield></datafield><datafield ind1='1' ind2='0' tag='600'><subfield code='a'>Stirling, James</subfield><subfield code='q'>(James Frazer)</subfield></datafield><datafield ind1='1' ind2='0' tag='600'><subfield code='a'>Rogers, Richard,</subfield><subfield code='d'>1933-2021</subfield></datafield><datafield ind1=' ' ind2='0' tag='650'><subfield code='a'>Architects</subfield><subfield code='z'>Great Britain</subfield><subfield code='x'>Exhibitions.</subfield></datafield><datafield ind1=' ' ind2='0' tag='650'><subfield code='a'>Architecture, Modern</subfield><subfield code='y'>20th century</subfield><subfield code='z'>Great Britain</subfield><subfield code='x'>Designs and plans.</subfield></datafield><datafield ind1=' ' ind2='0' tag='650'><subfield code='a'>Architecture, Modern</subfield><subfield code='y'>20th century</subfield><subfield code='v'>Designs and plans</subfield></datafield><datafield ind1=' ' ind2='7' tag='655'><subfield code='a'>Criticism, interpretation, etc.</subfield><subfield code='2'>fast</subfield></datafield><datafield ind1=' ' ind2='7' tag='655'><subfield code='a'>History</subfield><subfield code='2'>fast</subfield></datafield><datafield ind1=' ' ind2='7' tag='648'><subfield code='a'>1900-1999</subfield><subfield code='2'>fast</subfield></datafield><datafield ind1='2' ind2=' ' tag='710'><subfield code='a'>Royal Academy of Arts (Great Britain)</subfield></datafield><datafield ind1='1' ind2=' ' tag='583'><subfield code='a'>committed to retain</subfield><subfield code='c'>20181001</subfield><subfield code='d'>in perpetuity</subfield><subfield code='f'>ReCAP Shared Collection</subfield><subfield code='5'>HUL</subfield><subfield code='8'>221760862400003941</subfield></datafield><datafield ind1='8' ind2=' ' tag='852'><subfield code='c'>HD</subfield><subfield code='0'>10820916</subfield><subfield code='b'>scsbhl</subfield></datafield><datafield ind1=' ' ind2=' ' tag='876'><subfield code='0'>10820916</subfield><subfield code='a'>16523262</subfield><subfield code='h'> </subfield><subfield code='j'>Available</subfield><subfield code='k'>FAL</subfield><subfield code='p'>FL3T18</subfield><subfield code='x'>Shared</subfield><subfield code='z'>FL</subfield><subfield code='l'>HD</subfield></datafield></record>