
<record><leader>01188cam a2200325 a 4500</leader><controlfield tag='001'>SCSB-13633336</controlfield><controlfield tag='003'>NNC</controlfield><controlfield tag='005'>20220615215925.0</controlfield><controlfield tag='008'>980822s1994    tu a     c    000 0 tur d</controlfield><controlfield tag='009'>2157760</controlfield><datafield ind1=' ' ind2=' ' tag='035'><subfield code='a'>(OCoLC)54742520</subfield></datafield><datafield ind1=' ' ind2=' ' tag='035'><subfield code='a'>(OCoLC)ocm54742520</subfield></datafield><datafield ind1=' ' ind2=' ' tag='035'><subfield code='9'>ANM3611CU</subfield></datafield><datafield ind1=' ' ind2=' ' tag='035'><subfield code='a'>(NNC)2157760</subfield></datafield><datafield ind1=' ' ind2=' ' tag='035'><subfield code='a'>2157760</subfield></datafield><datafield ind1=' ' ind2=' ' tag='040'><subfield code='a'>NjP</subfield><subfield code='c'>NjP</subfield></datafield><datafield ind1='0' ind2=' ' tag='041'><subfield code='a'>turengfre</subfield></datafield><datafield ind1='1' ind2=' ' tag='100'><subfield code='a'>Léopold-Lévy,</subfield><subfield code='d'>1882-1966.</subfield><subfield code='0'>http://id.loc.gov/authorities/names/no2001086935</subfield></datafield><datafield ind1='1' ind2='0' tag='245'><subfield code='a'>Léopold-Lévy :</subfield><subfield code='b'>gravürler = engravings.</subfield></datafield><datafield ind1=' ' ind2=' ' tag='260'><subfield code='a'>Istanbul : Millî Reasürans Art Gallery,</subfield><subfield code='c'>1994.</subfield></datafield><datafield ind1=' ' ind2=' ' tag='300'><subfield code='a'>36 pages :</subfield><subfield code='b'>chiefly illustrations ;</subfield><subfield code='c'>32 cm</subfield></datafield><datafield ind1=' ' ind2=' ' tag='336'><subfield code='a'>text</subfield><subfield code='b'>txt</subfield><subfield code='2'>rdacontent</subfield></datafield><datafield ind1=' ' ind2=' ' tag='337'><subfield code='a'>unmediated</subfield><subfield code='b'>n</subfield><subfield code='2'>rdamedia</subfield></datafield><datafield ind1=' ' ind2=' ' tag='500'><subfield code='a'>Essay by Yves Bonnefoy.</subfield></datafield><datafield ind1=' ' ind2=' ' tag='500'><subfield code='a'>Cover title.</subfield></datafield><datafield ind1=' ' ind2=' ' tag='546'><subfield code='a'>Turkish, English and French.</subfield></datafield><datafield ind1=' ' ind2=' ' tag='500'><subfield code='a'>Catalog of an exhibition held at the Millî Reasürans Sanat Galerisi, Jan. 6-31, 1995.</subfield></datafield><datafield ind1='1' ind2='0' tag='600'><subfield code='a'>Léopold-Lévy,</subfield><subfield code='d'>1882-1966</subfield><subfield code='v'>Exhibitions.</subfield></datafield><datafield ind1='1' ind2=' ' tag='700'><subfield code='a'>Bonnefoy, Yves.</subfield><subfield code='0'>http://id.loc.gov/authorities/names/n80049508</subfield></datafield><datafield ind1='2' ind2=' ' tag='710'><subfield code='a'>Millî Reasürans Sanat Galerisi.</subfield><subfield code='0'>http://id.loc.gov/authorities/names/n2009081487</subfield></datafield><datafield ind1='8' ind2='0' tag='852'><subfield code='h'>ND553 L547 L55</subfield><subfield code='0'>14540447</subfield><subfield code='b'>scsbcul</subfield></datafield><datafield ind1=' ' ind2=' ' tag='876'><subfield code='0'>14540447</subfield><subfield code='a'>20904905</subfield><subfield code='h'>In Library Use</subfield><subfield code='j'>Available</subfield><subfield code='p'>AR75112876</subfield><subfield code='t'>1</subfield><subfield code='x'>Shared</subfield><subfield code='z'>AR</subfield><subfield code='l'>RECAP</subfield></datafield></record>