
<record><leader>00000cam a22003377i 4500</leader><controlfield tag='001'>SCSB-12449351</controlfield><controlfield tag='005'>20090625104424.0</controlfield><controlfield tag='008'>080117s2008    fr            000 0 fre d</controlfield><controlfield tag='009'>990114155080203941</controlfield><datafield ind1=' ' ind2=' ' tag='020'><subfield code='a'>9782246735212</subfield></datafield><datafield ind1=' ' ind2=' ' tag='020'><subfield code='a'>2246735211</subfield></datafield><datafield ind1=' ' ind2=' ' tag='035'><subfield code='a'>(OCoLC)191032249</subfield></datafield><datafield ind1=' ' ind2=' ' tag='040'><subfield code='a'>TZT</subfield><subfield code='c'>TZT</subfield><subfield code='d'>AUXAM</subfield><subfield code='d'>CUY</subfield><subfield code='d'>STF</subfield><subfield code='d'>BNY</subfield></datafield><datafield ind1=' ' ind2='4' tag='050'><subfield code='a'>PQ2672.E952</subfield><subfield code='b'>L48 2008</subfield></datafield><datafield ind1=' ' ind2='7' tag='072'><subfield code='a'>D</subfield><subfield code='2'>lcco</subfield></datafield><datafield ind1='1' ind2='4' tag='082'><subfield code='a'>900</subfield><subfield code='2'>1</subfield></datafield><datafield ind1='1' ind2=' ' tag='100'><subfield code='a'>Lévy, Thierry</subfield></datafield><datafield ind1='1' ind2='0' tag='245'><subfield code='a'>Lévy oblige /</subfield><subfield code='c'>Thierry Lévy.</subfield></datafield><datafield ind1=' ' ind2=' ' tag='260'><subfield code='a'>Paris :</subfield><subfield code='b'>Grasset,</subfield><subfield code='c'>2008.</subfield></datafield><datafield ind1=' ' ind2=' ' tag='300'><subfield code='a'>135 p. ;</subfield><subfield code='c'>19 cm.</subfield></datafield><datafield ind1=' ' ind2=' ' tag='504'><subfield code='a'>Includes bibliographical references (pages 133-136).</subfield></datafield><datafield ind1=' ' ind2=' ' tag='653'><subfield code='a'>Judaism</subfield><subfield code='a'>Sociohistorical Essay</subfield></datafield><datafield ind1=' ' ind2='0' tag='650'><subfield code='a'>Jews</subfield><subfield code='x'>History</subfield></datafield><datafield ind1=' ' ind2='0' tag='650'><subfield code='a'>Jews</subfield><subfield code='x'>Identity</subfield></datafield><datafield ind1=' ' ind2='0' tag='650'><subfield code='a'>Judaism</subfield><subfield code='x'>Social aspects.</subfield></datafield><datafield ind1='1' ind2='0' tag='600'><subfield code='a'>Lévy, Thierry</subfield></datafield><datafield ind1='1' ind2='7' tag='600'><subfield code='a'>Lévy, Thierry</subfield><subfield code='2'>nli</subfield></datafield><datafield ind1=' ' ind2='7' tag='655'><subfield code='a'>French prose literature</subfield><subfield code='2'>nli</subfield></datafield><datafield ind1='1' ind2=' ' tag='583'><subfield code='a'>committed to retain</subfield><subfield code='c'>20181001</subfield><subfield code='d'>in perpetuity</subfield><subfield code='f'>ReCAP Shared Collection</subfield><subfield code='5'>HUL</subfield><subfield code='8'>222126542720003941</subfield></datafield><datafield ind1='0' ind2=' ' tag='852'><subfield code='c'>HD</subfield><subfield code='h'>PQ2672.E952</subfield><subfield code='i'>L48 2008</subfield><subfield code='0'>13287511</subfield><subfield code='b'>scsbhl</subfield></datafield><datafield ind1=' ' ind2=' ' tag='876'><subfield code='0'>13287511</subfield><subfield code='a'>19097604</subfield><subfield code='h'> </subfield><subfield code='j'>Available</subfield><subfield code='k'>WID</subfield><subfield code='p'>32044111010815</subfield><subfield code='x'>Shared</subfield><subfield code='z'>HW</subfield><subfield code='l'>HD</subfield></datafield></record>