
<record><leader>01094cam a2200313Ma 4500</leader><controlfield tag='001'>SCSB-5729020</controlfield><controlfield tag='003'>NNC</controlfield><controlfield tag='005'>20230119031010.0</controlfield><controlfield tag='008'>120905s2011    rm            000 0 rum d</controlfield><controlfield tag='009'>10640079</controlfield><datafield ind1=' ' ind2=' ' tag='020'><subfield code='a'>9786065621268</subfield></datafield><datafield ind1=' ' ind2=' ' tag='020'><subfield code='a'>6065621269</subfield></datafield><datafield ind1=' ' ind2=' ' tag='035'><subfield code='a'>(OCoLC)ocn809316005</subfield></datafield><datafield ind1=' ' ind2=' ' tag='035'><subfield code='a'>(OCoLC)809316005</subfield></datafield><datafield ind1=' ' ind2=' ' tag='035'><subfield code='a'>(NNC)10640079</subfield></datafield><datafield ind1=' ' ind2=' ' tag='035'><subfield code='a'>10640079</subfield></datafield><datafield ind1=' ' ind2=' ' tag='040'><subfield code='a'>HLS</subfield><subfield code='c'>HLS</subfield><subfield code='d'>OCLCO</subfield><subfield code='d'>STF</subfield></datafield><datafield ind1=' ' ind2='4' tag='050'><subfield code='a'>B759.M34</subfield><subfield code='b'>U83 2011</subfield></datafield><datafield ind1='1' ind2=' ' tag='100'><subfield code='a'>Uță, Mihai,</subfield><subfield code='d'>1902-1964.</subfield></datafield><datafield ind1='1' ind2='0' tag='245'><subfield code='a'>Mose Maimonide /</subfield><subfield code='c'>Mihai Uță ; ediție critică, studiu introductiv, note și bibliografie de Dr. Adrian Michiduță.</subfield></datafield><datafield ind1=' ' ind2=' ' tag='260'><subfield code='a'>Craiova :</subfield><subfield code='b'>Aius PritEd,</subfield><subfield code='c'>2011.</subfield></datafield><datafield ind1=' ' ind2=' ' tag='300'><subfield code='a'>151 pages.</subfield></datafield><datafield ind1=' ' ind2=' ' tag='336'><subfield code='a'>text</subfield><subfield code='b'>txt</subfield><subfield code='2'>rdacontent</subfield></datafield><datafield ind1=' ' ind2=' ' tag='337'><subfield code='a'>unmediated</subfield><subfield code='b'>n</subfield><subfield code='2'>rdamedia</subfield></datafield><datafield ind1='1' ind2=' ' tag='490'><subfield code='a'>Biblioteca de filosofie românescă</subfield></datafield><datafield ind1='1' ind2='0' tag='600'><subfield code='a'>Maimonides, Moses,</subfield><subfield code='d'>1135-1204.</subfield><subfield code='0'>http://id.loc.gov/authorities/names/n78096039</subfield></datafield><datafield ind1='1' ind2=' ' tag='700'><subfield code='a'>Michiduță, Adrian.</subfield><subfield code='0'>http://id.loc.gov/authorities/names/no2005111130</subfield></datafield><datafield ind1=' ' ind2='0' tag='830'><subfield code='a'>Biblioteca de filosofie românească.</subfield></datafield><datafield ind1=' ' ind2=' ' tag='901'><subfield code='a'>76eeda87-5658-4a67-8991-5416d8700dfc</subfield><subfield code='b'>25</subfield><subfield code='c'>false</subfield></datafield><datafield ind1='0' ind2='0' tag='852'><subfield code='h'>B759.M34 U83 2011g</subfield><subfield code='0'>5718827</subfield><subfield code='b'>scsbcul</subfield></datafield><datafield ind1=' ' ind2=' ' tag='876'><subfield code='0'>5718827</subfield><subfield code='a'>8423775</subfield><subfield code='h'> </subfield><subfield code='j'>Available</subfield><subfield code='p'>CU23255480</subfield><subfield code='t'>1</subfield><subfield code='x'>Shared</subfield><subfield code='z'>CU</subfield><subfield code='l'>RECAP</subfield></datafield></record>