
<record><leader>01007cam a2200289Ma 4500</leader><controlfield tag='001'>SCSB-8300953</controlfield><controlfield tag='003'>OCoLC</controlfield><controlfield tag='005'>20150109144044.0</controlfield><controlfield tag='008'>120905s2011    rm            000 0 rum d</controlfield><controlfield tag='009'>.b205123636</controlfield><datafield ind1=' ' ind2=' ' tag='020'><subfield code='a'>9786065621268</subfield></datafield><datafield ind1=' ' ind2=' ' tag='020'><subfield code='a'>6065621269</subfield></datafield><datafield ind1=' ' ind2=' ' tag='040'><subfield code='a'>HLS</subfield><subfield code='c'>HLS</subfield><subfield code='d'>OCLCO</subfield><subfield code='d'>STF</subfield><subfield code='d'>OCLCF</subfield><subfield code='d'>NYP</subfield></datafield><datafield ind1=' ' ind2=' ' tag='049'><subfield code='a'>NYPP</subfield></datafield><datafield ind1=' ' ind2='4' tag='050'><subfield code='a'>B759.M34</subfield><subfield code='b'>U83 2011</subfield></datafield><datafield ind1='1' ind2=' ' tag='100'><subfield code='a'>Uță, Mihai,</subfield><subfield code='d'>1902-1964.</subfield></datafield><datafield ind1='1' ind2='0' tag='245'><subfield code='a'>Mose Maimonide /</subfield><subfield code='c'>Mihai Uță ; ediție critică, studiu introductiv, note și bibliografie de Dr. Adrian Michiduță.</subfield></datafield><datafield ind1=' ' ind2=' ' tag='260'><subfield code='a'>Craiova :</subfield><subfield code='b'>Aius PritEd,</subfield><subfield code='c'>2011.</subfield></datafield><datafield ind1=' ' ind2=' ' tag='300'><subfield code='a'>151 p.</subfield></datafield><datafield ind1='0' ind2=' ' tag='490'><subfield code='a'>Biblioteca de filosofie românescă</subfield></datafield><datafield ind1='1' ind2='0' tag='600'><subfield code='a'>Maimonides, Moses,</subfield><subfield code='d'>1135-1204.</subfield></datafield><datafield ind1='1' ind2='7' tag='600'><subfield code='a'>Maimonides, Moses,</subfield><subfield code='d'>1135-1204.</subfield><subfield code='2'>fast</subfield><subfield code='0'>(OCoLC)fst00029218</subfield></datafield><datafield ind1='1' ind2=' ' tag='700'><subfield code='a'>Michiduță, Adrian.</subfield></datafield><datafield ind1=' ' ind2=' ' tag='907'><subfield code='a'>.b205123636</subfield><subfield code='c'>m</subfield><subfield code='d'>a</subfield><subfield code='e'>-</subfield><subfield code='f'>rum</subfield><subfield code='g'>rm</subfield><subfield code='h'>0</subfield><subfield code='i'>1</subfield></datafield><datafield ind1=' ' ind2=' ' tag='035'><subfield code='a'>(OCoLC)809316005</subfield></datafield><datafield ind1=' ' ind2=' ' tag='901'><subfield code='a'>76eeda87-5658-4a67-8991-5416d8700dfc</subfield><subfield code='b'>25</subfield><subfield code='c'>false</subfield></datafield><datafield ind1='8' ind2=' ' tag='852'><subfield code='h'>ReCAP 15-991</subfield><subfield code='0'>8455459</subfield><subfield code='b'>scsbnypl</subfield></datafield><datafield ind1=' ' ind2=' ' tag='876'><subfield code='0'>8455459</subfield><subfield code='a'>13832788</subfield><subfield code='j'>Available</subfield><subfield code='p'>33433113998912</subfield><subfield code='t'>1</subfield><subfield code='x'>Open</subfield><subfield code='z'>NA</subfield><subfield code='l'>RECAP</subfield></datafield></record>