
<record><leader>00000cam a2200229Ia 4500</leader><controlfield tag='001'>SCSB-10241969</controlfield><controlfield tag='005'>20100308185747.0</controlfield><controlfield tag='008'>921202s1956    nyuac         000 0deng d</controlfield><controlfield tag='009'>990098910290203941</controlfield><datafield ind1=' ' ind2=' ' tag='010'><subfield code='a'>^^^57059236^</subfield></datafield><datafield ind1=' ' ind2=' ' tag='035'><subfield code='a'>(OCoLC)27052752</subfield><subfield code='z'>(OCoLC)361886</subfield></datafield><datafield ind1=' ' ind2=' ' tag='040'><subfield code='a'>CUY</subfield><subfield code='c'>CUY</subfield><subfield code='d'>OUN</subfield><subfield code='d'>PBE</subfield><subfield code='d'>COI</subfield></datafield><datafield ind1='0' ind2='0' tag='050'><subfield code='a'>BM755.M6</subfield><subfield code='b'>F4</subfield></datafield><datafield ind1=' ' ind2='4' tag='060'><subfield code='a'>000051806</subfield></datafield><datafield ind1=' ' ind2=' ' tag='090'><subfield code='a'>BM545.A2515</subfield><subfield code='b'>E54 1956</subfield></datafield><datafield ind1='1' ind2=' ' tag='100'><subfield code='a'>Maimonides, Moses,</subfield><subfield code='d'>1135-1204</subfield></datafield><datafield ind1='1' ind2='0' tag='245'><subfield code='a'>Moses Maimonides (Rambam) /</subfield><subfield code='c'>by Max Felshin.</subfield></datafield><datafield ind1=' ' ind2=' ' tag='260'><subfield code='a'>New York :</subfield><subfield code='b'>Book Guild,</subfield><subfield code='c'>1956.</subfield></datafield><datafield ind1=' ' ind2=' ' tag='300'><subfield code='a'>xvi, 205 p. :</subfield><subfield code='b'>ill., port. ;</subfield><subfield code='c'>21 cm.</subfield></datafield><datafield ind1=' ' ind2='0' tag='650'><subfield code='a'>Jewish philosophy.</subfield></datafield><datafield ind1='1' ind2='0' tag='600'><subfield code='a'>Maimonides, Moses,</subfield><subfield code='d'>1135-1204</subfield></datafield><datafield ind1=' ' ind2='0' tag='650'><subfield code='a'>Judaism</subfield><subfield code='x'>Doctrines</subfield></datafield><datafield ind1=' ' ind2='7' tag='648'><subfield code='a'>To 1900</subfield><subfield code='2'>fast</subfield></datafield><datafield ind1='1' ind2=' ' tag='700'><subfield code='a'>Felshin, Max,</subfield><subfield code='d'>1895-</subfield></datafield><datafield ind1='0' ind2='8' tag='776'><subfield code='i'>Online version:</subfield><subfield code='a'>Maimonides, Moses, 1135-1204.</subfield><subfield code='t'>Moses Maimonides (Rambam).</subfield><subfield code='d'>New York, Book Guild, 1956</subfield><subfield code='w'>(OCoLC)609902335</subfield></datafield><datafield ind1='1' ind2=' ' tag='583'><subfield code='a'>committed to retain</subfield><subfield code='c'>20181001</subfield><subfield code='d'>in perpetuity</subfield><subfield code='f'>ReCAP Shared Collection</subfield><subfield code='5'>HUL</subfield><subfield code='8'>222101450540003941</subfield></datafield><datafield ind1='8' ind2=' ' tag='852'><subfield code='c'>HD</subfield><subfield code='h'>206.691</subfield><subfield code='i'>Felshin</subfield><subfield code='0'>11004330</subfield><subfield code='b'>scsbhl</subfield></datafield><datafield ind1=' ' ind2=' ' tag='876'><subfield code='0'>11004330</subfield><subfield code='a'>16718712</subfield><subfield code='h'> </subfield><subfield code='j'>Available</subfield><subfield code='k'>DIV</subfield><subfield code='p'>AH71LG</subfield><subfield code='x'>Shared</subfield><subfield code='z'>AH</subfield><subfield code='l'>HD</subfield></datafield></record>