
<record><leader>01326cam a2200385 a 4500</leader><controlfield tag='001'>SCSB-2755422</controlfield><controlfield tag='003'>NNC</controlfield><controlfield tag='005'>20220526015353.0</controlfield><controlfield tag='008'>900309s1989    enk      b    001 0 eng  </controlfield><controlfield tag='009'>819430</controlfield><datafield ind1=' ' ind2=' ' tag='010'><subfield code='z'>   89010444 \</subfield></datafield><datafield ind1=' ' ind2=' ' tag='020'><subfield code='a'>0415034817</subfield></datafield><datafield ind1=' ' ind2=' ' tag='020'><subfield code='a'>0415036089 (pbk.)</subfield></datafield><datafield ind1=' ' ind2=' ' tag='035'><subfield code='a'>(OCoLC)223013479</subfield></datafield><datafield ind1=' ' ind2=' ' tag='035'><subfield code='a'>(OCoLC)ocn223013479</subfield></datafield><datafield ind1=' ' ind2=' ' tag='035'><subfield code='a'>(CStRLIN)NYCG90-B16029</subfield></datafield><datafield ind1=' ' ind2=' ' tag='035'><subfield code='9'>AEH9644CU</subfield></datafield><datafield ind1=' ' ind2=' ' tag='035'><subfield code='a'>(NNC)819430</subfield></datafield><datafield ind1=' ' ind2=' ' tag='035'><subfield code='a'>819430</subfield></datafield><datafield ind1='0' ind2='0' tag='050'><subfield code='a'>B759.M34</subfield><subfield code='b'>L37 1989</subfield></datafield><datafield ind1='0' ind2=' ' tag='082'><subfield code='a'>181/.06</subfield><subfield code='2'>20</subfield></datafield><datafield ind1=' ' ind2=' ' tag='090'><subfield code='a'>B759.M34</subfield><subfield code='b'>L37 1989</subfield></datafield><datafield ind1='1' ind2=' ' tag='100'><subfield code='a'>Leaman, Oliver,</subfield><subfield code='d'>1950-</subfield><subfield code='0'>http://id.loc.gov/authorities/names/n84050537</subfield></datafield><datafield ind1='1' ind2='0' tag='245'><subfield code='a'>Moses Maimonides /</subfield><subfield code='c'>Oliver Leaman.</subfield></datafield><datafield ind1=' ' ind2=' ' tag='260'><subfield code='a'>London ;</subfield><subfield code='a'>New York :</subfield><subfield code='b'>Routledge,</subfield><subfield code='c'>1989.</subfield></datafield><datafield ind1=' ' ind2=' ' tag='263'><subfield code='a'>8911</subfield></datafield><datafield ind1=' ' ind2=' ' tag='300'><subfield code='a'>xii, 190 pages ;</subfield><subfield code='c'>22 cm</subfield></datafield><datafield ind1=' ' ind2=' ' tag='336'><subfield code='a'>text</subfield><subfield code='2'>rdacontent</subfield></datafield><datafield ind1=' ' ind2=' ' tag='337'><subfield code='a'>unmediated</subfield><subfield code='2'>rdamedia</subfield></datafield><datafield ind1=' ' ind2=' ' tag='338'><subfield code='a'>volume</subfield><subfield code='2'>rdacarrier</subfield></datafield><datafield ind1=' ' ind2=' ' tag='504'><subfield code='a'>Includes bibliographical references (p. 181-190) and index.</subfield></datafield><datafield ind1='1' ind2='0' tag='600'><subfield code='a'>Maimonides, Moses,</subfield><subfield code='d'>1135-1204.</subfield><subfield code='0'>http://id.loc.gov/authorities/names/n78096039</subfield></datafield><datafield ind1=' ' ind2='0' tag='650'><subfield code='a'>Philosophy.</subfield><subfield code='0'>http://id.loc.gov/authorities/subjects/sh85100849</subfield></datafield><datafield ind1=' ' ind2='0' tag='650'><subfield code='a'>Jewish philosophy.</subfield><subfield code='0'>http://id.loc.gov/authorities/subjects/sh85100947</subfield></datafield><datafield ind1=' ' ind2='0' tag='650'><subfield code='a'>Philosophy, Medieval.</subfield><subfield code='0'>http://id.loc.gov/authorities/subjects/sh85100956</subfield></datafield><datafield ind1=' ' ind2=' ' tag='901'><subfield code='a'>735fe68a-7b06-4c20-9809-1b7b2f33500a</subfield><subfield code='b'>17</subfield><subfield code='c'>false</subfield></datafield><datafield ind1='0' ind2='0' tag='852'><subfield code='h'>B759.M34 L37 1989</subfield><subfield code='0'>2731305</subfield><subfield code='b'>scsbcul</subfield></datafield><datafield ind1=' ' ind2=' ' tag='876'><subfield code='0'>2731305</subfield><subfield code='a'>4353768</subfield><subfield code='h'> </subfield><subfield code='j'>Available</subfield><subfield code='p'>CU74058754</subfield><subfield code='t'>1</subfield><subfield code='x'>Shared</subfield><subfield code='z'>CU</subfield><subfield code='l'>RECAP</subfield></datafield></record>