
<record><leader>02439cam a22004214a 4500</leader><controlfield tag='001'>SCSB-5132629</controlfield><controlfield tag='003'>NNC</controlfield><controlfield tag='005'>20221109212730.0</controlfield><controlfield tag='008'>031205s2005    nyu      b    001 0beng  </controlfield><controlfield tag='009'>5058560</controlfield><datafield ind1=' ' ind2=' ' tag='010'><subfield code='a'>  2003069098</subfield></datafield><datafield ind1=' ' ind2=' ' tag='020'><subfield code='a'>019517321X</subfield></datafield><datafield ind1=' ' ind2=' ' tag='035'><subfield code='a'>(OCoLC)53919693</subfield></datafield><datafield ind1=' ' ind2=' ' tag='035'><subfield code='a'>(OCoLC)ocm53919693</subfield></datafield><datafield ind1=' ' ind2=' ' tag='035'><subfield code='a'>(DLC) 2003069098</subfield></datafield><datafield ind1=' ' ind2=' ' tag='035'><subfield code='a'>(NNC)5058560</subfield></datafield><datafield ind1=' ' ind2=' ' tag='035'><subfield code='a'>5058560</subfield></datafield><datafield ind1=' ' ind2=' ' tag='040'><subfield code='a'>DLC</subfield><subfield code='c'>DLC</subfield><subfield code='d'>DLC</subfield><subfield code='d'>OrLoB-B</subfield></datafield><datafield ind1=' ' ind2=' ' tag='042'><subfield code='a'>pcc</subfield></datafield><datafield ind1=' ' ind2=' ' tag='043'><subfield code='a'>f-ua---</subfield></datafield><datafield ind1='0' ind2='0' tag='050'><subfield code='a'>BM755.M6</subfield><subfield code='b'>D38 2005</subfield></datafield><datafield ind1='0' ind2='0' tag='082'><subfield code='a'>291.1/81</subfield><subfield code='a'>B</subfield><subfield code='2'>22</subfield></datafield><datafield ind1='1' ind2=' ' tag='100'><subfield code='a'>Davidson, Herbert A.</subfield><subfield code='q'>(Herbert Alan),</subfield><subfield code='d'>1932-2021.</subfield><subfield code='0'>http://id.loc.gov/authorities/names/n85328627</subfield></datafield><datafield ind1='1' ind2='0' tag='245'><subfield code='a'>Moses Maimonides :</subfield><subfield code='b'>the man and his works /</subfield><subfield code='c'>Herbert A. Davidson.</subfield></datafield><datafield ind1=' ' ind2=' ' tag='260'><subfield code='a'>New York, N.Y. :</subfield><subfield code='b'>Oxford University Press,</subfield><subfield code='c'>2005.</subfield></datafield><datafield ind1=' ' ind2=' ' tag='300'><subfield code='a'>x, 567 pages ;</subfield><subfield code='c'>24 cm</subfield></datafield><datafield ind1=' ' ind2=' ' tag='336'><subfield code='a'>text</subfield><subfield code='b'>txt</subfield><subfield code='2'>rdacontent</subfield></datafield><datafield ind1=' ' ind2=' ' tag='337'><subfield code='a'>unmediated</subfield><subfield code='b'>n</subfield><subfield code='2'>rdamedia</subfield></datafield><datafield ind1=' ' ind2=' ' tag='504'><subfield code='a'>Includes bibliographical references and index.</subfield></datafield><datafield ind1='1' ind2=' ' tag='520'><subfield code='a'>&quot;Moses Maimonides, rabbinist, philosopher, and physician, had a greater impact on Jewish history than any other medieval figure. This book offers a fresh look at every aspect of Maimonides&apos; life and works: the course of his life, his education, his personality, and his rabbinic, philosophical, and medical writings. At a number of junctures, Herbert A. Davidson points out that information about Maimonides which has been accepted for decades or centuries as common knowledge is in actuality supported by no credible evidence and often, more disconcertingly, is patently incorrect. Maimonides&apos; diverse writings are frequently viewed as expressions of several distinct personas, uncomfortably and awkwardly bundled into a single human frame; this book treats his writings as expressions of a single, integrated, albeit complex, mind.&quot;--BOOK JACKET.</subfield></datafield><datafield ind1='1' ind2='0' tag='600'><subfield code='a'>Maimonides, Moses,</subfield><subfield code='d'>1135-1204.</subfield><subfield code='0'>http://id.loc.gov/authorities/names/n78096039</subfield></datafield><datafield ind1=' ' ind2='0' tag='650'><subfield code='a'>Rabbis</subfield><subfield code='z'>Egypt</subfield><subfield code='v'>Biography.</subfield><subfield code='0'>http://id.loc.gov/authorities/subjects/sh2010109241</subfield></datafield><datafield ind1=' ' ind2='0' tag='650'><subfield code='a'>Jewish scholars</subfield><subfield code='z'>Egypt</subfield><subfield code='v'>Biography.</subfield></datafield><datafield ind1='1' ind2='0' tag='600'><subfield code='a'>Maimonides, Moses,</subfield><subfield code='d'>1135-1204</subfield><subfield code='x'>Teachings.</subfield></datafield><datafield ind1='0' ind2='0' tag='852'><subfield code='h'>BM755.M6 D38 2005</subfield><subfield code='0'>5117487</subfield><subfield code='b'>scsbcul</subfield></datafield><datafield ind1=' ' ind2=' ' tag='876'><subfield code='0'>5117487</subfield><subfield code='a'>7677046</subfield><subfield code='h'> </subfield><subfield code='j'>Available</subfield><subfield code='p'>CU12611743</subfield><subfield code='t'>1</subfield><subfield code='x'>Shared</subfield><subfield code='z'>CU</subfield><subfield code='l'>RECAP</subfield></datafield></record>