
<record><leader>01050pam a2200277 a 4500</leader><controlfield tag='001'>SCSB-10602103</controlfield><controlfield tag='005'>20100312044240.0</controlfield><controlfield tag='008'>921106s1993    nju      b    101 0 eng  </controlfield><controlfield tag='009'>990034210050203941</controlfield><datafield ind1=' ' ind2=' ' tag='010'><subfield code='a'>^^^92041882^//r93</subfield></datafield><datafield ind1=' ' ind2=' ' tag='020'><subfield code='a'>0876684703</subfield></datafield><datafield ind1=' ' ind2=' ' tag='035'><subfield code='a'>(OCoLC)27070751</subfield></datafield><datafield ind1=' ' ind2=' ' tag='040'><subfield code='a'>DLC</subfield><subfield code='c'>DLC</subfield><subfield code='d'>DLC</subfield></datafield><datafield ind1='0' ind2='0' tag='050'><subfield code='a'>R135.5</subfield><subfield code='b'>.M67 1993</subfield></datafield><datafield ind1='0' ind2='0' tag='060'><subfield code='a'>WZ 54</subfield><subfield code='b'>M911 1993</subfield></datafield><datafield ind1='0' ind2='0' tag='082'><subfield code='a'>610</subfield><subfield code='2'>20</subfield></datafield><datafield ind1='0' ind2='0' tag='245'><subfield code='a'>Moses Maimonides :</subfield><subfield code='b'>physician, scientist, and philosopher /</subfield><subfield code='c'>edited by Fred Rosner and Samuel S. Kottek.</subfield></datafield><datafield ind1=' ' ind2=' ' tag='260'><subfield code='a'>Northvale, N.J. :</subfield><subfield code='b'>J. Aronson,</subfield><subfield code='c'>c1993.</subfield></datafield><datafield ind1=' ' ind2=' ' tag='300'><subfield code='a'>xvii, 281 p. ;</subfield><subfield code='c'>23 cm.</subfield></datafield><datafield ind1=' ' ind2=' ' tag='500'><subfield code='a'>A collection of many of the papers presented at the symposium &quot;Maimonides as a physician, scientist and philosopher&quot; held in Jerusalem, Oct. 29-31, 1990--Pref.</subfield></datafield><datafield ind1=' ' ind2=' ' tag='504'><subfield code='a'>Includes bibliographical references and index.</subfield></datafield><datafield ind1='2' ind2=' ' tag='505'><subfield code='a'>President&apos;s Address / Joshua O. Leibowitz -- 1. Moses Maimonides the Physician / Fred Rosner -- 2. The Medical Works of Maimonides: A Reappraisal / Elinor Lieber -- 3. Maimonides on the Perfect Physician / Samuel S. Kottek -- 4. Sex and Health in Maimonides / W. Zev Harvey -- 5. An Encounter with Maimonides / Haskell D. Isaacs -- 6. Maimonides&apos; Concept of Mental Illness and Mental Health / Harvey N. Kranzler -- 7. The Art of Cure: A Medical Text by Maimonides / Uriel S. Barzel -- 8. Maimonides and the Makings of Modern Science / Nachum L. Rabinovitch -- 9. Maimonides&apos; Stance on Astrology in Context: Cosmology, Physics, Medicine, and Providence / Gad Freudenthal -- 10. Maimonides and Gersonides on Astronomy and Metaphysics / Menachem Kellner -- 11. The Sciences as &quot;Maidservants of the Torah&quot; in Maimonides&apos; Writings / Yehudah Levi -- 12. Maimonides on the Distinction between Science and Pseudoscience / J. David Bleich -- 13. Medical Categories in Maimonidean Ethics / Alexander Broadie -- 14. Well-Being of the Body or Welfare of the Soul: The Maimonidean Explanation of the Dietary Laws / Hannah Kasher -- 15. Psychological Formulations in the Works of Maimonides / Reuven P. Bulka -- 16. Maimonides&apos; Philosophic Medicine / David J. Eisenman -- 17. The Cosmology of Maimonides and His Critique of the Inconsistencies and the Insufficiency of the Aristotelian Physics / Hubert Dethier -- 18. Some Insights into Maimonides&apos; Approach to Mental Health Issues / Mordechai Reich -- 19. Remarks on Eight Pseudo-Maimonidean Treatises / Fred Rosner -- 20. The State of Maimonidean Scholarship Today and Prospects for the Future / Jacob I. Dienstag -- 21. Maimonides and the Cure-All Book / Yehudah Gellman -- 22. Maimonides&apos; Approach to Jewish Bioethics in the Areas of the Treatment of the Critically Ill and Abortion / Daniel B. Sinclair -- 23. Maimonides, an Enemy of Authoritarianism / Alfred Soffer -- 24. The State of Arabic Medicine at the Time of Maimonides According to Ibn Gumay&apos;s Treatise on the Revival of the Art of Medicine / Paul B. Fenton.</subfield></datafield><datafield ind1='1' ind2='0' tag='600'><subfield code='a'>Maimonides, Moses,</subfield><subfield code='d'>1135-1204</subfield><subfield code='v'>Congresses.</subfield></datafield><datafield ind1=' ' ind2='0' tag='650'><subfield code='a'>Medicine in rabbinical literature</subfield><subfield code='v'>Congresses.</subfield></datafield><datafield ind1=' ' ind2='0' tag='650'><subfield code='a'>Medicine, Medieval</subfield><subfield code='v'>Congresses.</subfield></datafield><datafield ind1=' ' ind2='7' tag='648'><subfield code='a'>1100-1200.</subfield><subfield code='0'>(NL-LeOCL)241923689</subfield><subfield code='2'>gtt</subfield></datafield><datafield ind1=' ' ind2='7' tag='648'><subfield code='a'>1200-1300.</subfield><subfield code='0'>(NL-LeOCL)241923727</subfield><subfield code='2'>gtt</subfield></datafield><datafield ind1=' ' ind2='2' tag='655'><subfield code='a'>Congress</subfield></datafield><datafield ind1=' ' ind2='7' tag='655'><subfield code='a'>Conference papers and proceedings</subfield><subfield code='2'>fast</subfield><subfield code='0'>(OCoLC)fst01423772</subfield></datafield><datafield ind1=' ' ind2='7' tag='655'><subfield code='a'>Aufsatzsammlung.</subfield><subfield code='0'>(DE-588)4143413-4.</subfield><subfield code='2'>gnd</subfield></datafield><datafield ind1=' ' ind2='7' tag='655'><subfield code='a'>Konferenzschrift.</subfield><subfield code='0'>(DE-588)1071861417.</subfield><subfield code='2'>gnd</subfield></datafield><datafield ind1=' ' ind2='7' tag='655'><subfield code='a'>Congresses (form)</subfield><subfield code='0'>(NL-LeOCL)088142469</subfield><subfield code='2'>gtt</subfield></datafield><datafield ind1=' ' ind2='7' tag='655'><subfield code='a'>Conference papers and proceedings</subfield><subfield code='2'>lcgft</subfield></datafield><datafield ind1=' ' ind2='7' tag='655'><subfield code='a'>Actes de congrès.</subfield><subfield code='2'>rvmgf</subfield></datafield><datafield ind1='1' ind2=' ' tag='700'><subfield code='a'>Rosner, Fred</subfield></datafield><datafield ind1='1' ind2=' ' tag='700'><subfield code='a'>Kottek, Samuel S.</subfield></datafield><datafield ind1='0' ind2='8' tag='776'><subfield code='i'>Online version:</subfield><subfield code='t'>Moses Maimonides.</subfield><subfield code='d'>Northvale, N.J. : J. Aronson, ©1993</subfield><subfield code='w'>(OCoLC)608977423</subfield></datafield><datafield ind1='2' ind2=' ' tag='955'><subfield code='a'>Jerusalem.</subfield><subfield code='f'>1990.</subfield><subfield code='k'>Congresses.</subfield><subfield code='5'>ber</subfield></datafield><datafield ind1='1' ind2=' ' tag='583'><subfield code='a'>committed to retain</subfield><subfield code='c'>20181001</subfield><subfield code='d'>in perpetuity</subfield><subfield code='f'>ReCAP Shared Collection</subfield><subfield code='5'>HUL</subfield><subfield code='8'>221882341940003941</subfield></datafield><datafield ind1='0' ind2=' ' tag='852'><subfield code='c'>HD</subfield><subfield code='h'>R135.5</subfield><subfield code='i'>.M67 1993</subfield><subfield code='0'>11386499</subfield><subfield code='b'>scsbhl</subfield></datafield><datafield ind1=' ' ind2=' ' tag='876'><subfield code='0'>11386499</subfield><subfield code='a'>17122380</subfield><subfield code='h'> </subfield><subfield code='j'>Available</subfield><subfield code='k'>WID</subfield><subfield code='p'>HWJ53T</subfield><subfield code='x'>Shared</subfield><subfield code='z'>HW</subfield><subfield code='l'>HD</subfield></datafield></record>