
<record><leader>01643cam a2200361 a 4500</leader><controlfield tag='001'>SCSB-13634754</controlfield><controlfield tag='003'>NNC</controlfield><controlfield tag='005'>20220526031217.0</controlfield><controlfield tag='008'>901005t19901990gw a     bc   000 0deng d</controlfield><controlfield tag='009'>877471</controlfield><datafield ind1=' ' ind2=' ' tag='020'><subfield code='a'>379131064X</subfield></datafield><datafield ind1=' ' ind2=' ' tag='035'><subfield code='a'>(OCoLC)23214206</subfield></datafield><datafield ind1=' ' ind2=' ' tag='035'><subfield code='a'>(OCoLC)ocm23214206</subfield></datafield><datafield ind1=' ' ind2=' ' tag='035'><subfield code='a'>(CStRLIN)NYCG90-B62488</subfield></datafield><datafield ind1=' ' ind2=' ' tag='035'><subfield code='9'>AET5128CU</subfield></datafield><datafield ind1=' ' ind2=' ' tag='035'><subfield code='a'>(NNC)877471</subfield></datafield><datafield ind1=' ' ind2=' ' tag='035'><subfield code='a'>877471</subfield></datafield><datafield ind1=' ' ind2=' ' tag='040'><subfield code='d'>NNU</subfield><subfield code='d'>NNC</subfield></datafield><datafield ind1='1' ind2=' ' tag='041'><subfield code='a'>eng</subfield><subfield code='h'>ger</subfield></datafield><datafield ind1='1' ind2=' ' tag='100'><subfield code='a'>Compton, Susan P.</subfield><subfield code='0'>http://id.loc.gov/authorities/names/n78080495</subfield></datafield><datafield ind1='1' ind2='0' tag='240'><subfield code='a'>Marc Chagall.</subfield><subfield code='l'>English</subfield></datafield><datafield ind1='1' ind2='0' tag='245'><subfield code='a'>Marc Chagall :</subfield><subfield code='b'>my life, my dream : Berlin and Paris, 1922-1940 /</subfield><subfield code='c'>Susan Compton.</subfield></datafield><datafield ind1=' ' ind2=' ' tag='260'><subfield code='a'>Munich :</subfield><subfield code='b'>Prestel ;</subfield><subfield code='a'>New York, NY, USA :</subfield><subfield code='b'>Distributed in the USA and Canada by te Neues,</subfield><subfield code='c'>[1990], ©1990.</subfield></datafield><datafield ind1=' ' ind2=' ' tag='300'><subfield code='a'>268 pages :</subfield><subfield code='b'>illustrations (some color) ;</subfield><subfield code='c'>31 cm</subfield></datafield><datafield ind1=' ' ind2=' ' tag='336'><subfield code='a'>text</subfield><subfield code='2'>rdacontent</subfield></datafield><datafield ind1=' ' ind2=' ' tag='337'><subfield code='a'>unmediated</subfield><subfield code='2'>rdamedia</subfield></datafield><datafield ind1=' ' ind2=' ' tag='338'><subfield code='a'>volume</subfield><subfield code='2'>rdacarrier</subfield></datafield><datafield ind1=' ' ind2=' ' tag='500'><subfield code='a'>&quot;This book originally appeared in German as the catalogue to the exhibition &apos;Marc Chagall : mein Leben, mein Traum : Berlin und Paris, 1922-1940,&apos; organized by the City of Ludwigshafen am Rhein and the BASF Aktiengesellschaft and held at the Wilhelm-Hack-Museum, Ludwigshafen am Rhein, 7 April-3 June 1990.&quot;</subfield></datafield><datafield ind1=' ' ind2=' ' tag='504'><subfield code='a'>Includes bibliographical references (p. 268).</subfield></datafield><datafield ind1='1' ind2='0' tag='600'><subfield code='a'>Chagall, Marc,</subfield><subfield code='d'>1887-1985</subfield><subfield code='v'>Exhibitions.</subfield></datafield><datafield ind1='1' ind2=' ' tag='700'><subfield code='a'>Chagall, Marc,</subfield><subfield code='d'>1887-1985.</subfield><subfield code='0'>http://id.loc.gov/authorities/names/n79043105</subfield></datafield><datafield ind1='2' ind2=' ' tag='710'><subfield code='a'>BASF Aktiengesellschaft.</subfield><subfield code='0'>http://id.loc.gov/authorities/names/n83010877</subfield></datafield><datafield ind1='2' ind2=' ' tag='710'><subfield code='a'>Wilhelm-Hack-Museum.</subfield><subfield code='0'>http://id.loc.gov/authorities/names/n81134640</subfield></datafield><datafield ind1='8' ind2='0' tag='852'><subfield code='h'>ND689 C34 C732</subfield><subfield code='0'>14541880</subfield><subfield code='b'>scsbcul</subfield></datafield><datafield ind1=' ' ind2=' ' tag='876'><subfield code='0'>14541880</subfield><subfield code='a'>20907198</subfield><subfield code='h'>In Library Use</subfield><subfield code='j'>Available</subfield><subfield code='p'>AR75129370</subfield><subfield code='t'>1</subfield><subfield code='x'>Shared</subfield><subfield code='z'>AR</subfield><subfield code='l'>RECAP</subfield></datafield></record>