
<record><leader>01292cam a2200349 a 4500</leader><controlfield tag='001'>SCSB-2513999</controlfield><controlfield tag='003'>NNC</controlfield><controlfield tag='005'>20220525190008.0</controlfield><controlfield tag='008'>860723t19861986nyuaf         000 0aeng  </controlfield><controlfield tag='009'>499557</controlfield><datafield ind1=' ' ind2=' ' tag='010'><subfield code='a'>   86080055 </subfield></datafield><datafield ind1=' ' ind2=' ' tag='020'><subfield code='a'>091765773X (alk. paper) :</subfield><subfield code='c'>$18.95</subfield></datafield><datafield ind1=' ' ind2=' ' tag='035'><subfield code='a'>(OCoLC)13711248</subfield></datafield><datafield ind1=' ' ind2=' ' tag='035'><subfield code='a'>(OCoLC)ocm13711248</subfield></datafield><datafield ind1=' ' ind2=' ' tag='035'><subfield code='a'>(CStRLIN)NYCG86-B78861</subfield></datafield><datafield ind1=' ' ind2=' ' tag='035'><subfield code='9'>ACE0777CU</subfield></datafield><datafield ind1=' ' ind2=' ' tag='035'><subfield code='a'>(NNC)499557</subfield></datafield><datafield ind1=' ' ind2=' ' tag='035'><subfield code='a'>499557</subfield></datafield><datafield ind1=' ' ind2=' ' tag='043'><subfield code='a'>e-fr---</subfield></datafield><datafield ind1='0' ind2='0' tag='050'><subfield code='a'>N6999.C46</subfield><subfield code='b'>A2 1986</subfield></datafield><datafield ind1='0' ind2=' ' tag='082'><subfield code='a'>759.7</subfield><subfield code='a'>B</subfield><subfield code='2'>19</subfield></datafield><datafield ind1=' ' ind2=' ' tag='090'><subfield code='a'>N6999.C46</subfield><subfield code='b'>A2 1986</subfield></datafield><datafield ind1='1' ind2=' ' tag='100'><subfield code='a'>Haggard-Leirens, Virginia.</subfield><subfield code='0'>http://id.loc.gov/authorities/names/n86142717</subfield></datafield><datafield ind1='1' ind2='0' tag='245'><subfield code='a'>My life with Chagall :</subfield><subfield code='b'>seven years of plenty with the master as told by the woman who shared them /</subfield><subfield code='c'>Virginia Haggard.</subfield></datafield><datafield ind1=' ' ind2=' ' tag='260'><subfield code='a'>New York :</subfield><subfield code='b'>D.I. Fine,</subfield><subfield code='c'>[1986], ©1986.</subfield></datafield><datafield ind1=' ' ind2=' ' tag='300'><subfield code='a'>190 pages, 48 unnumbered pages of plates :</subfield><subfield code='b'>illustrations (some color) ;</subfield><subfield code='c'>24 cm</subfield></datafield><datafield ind1=' ' ind2=' ' tag='336'><subfield code='a'>text</subfield><subfield code='2'>rdacontent</subfield></datafield><datafield ind1=' ' ind2=' ' tag='337'><subfield code='a'>unmediated</subfield><subfield code='2'>rdamedia</subfield></datafield><datafield ind1=' ' ind2=' ' tag='338'><subfield code='a'>volume</subfield><subfield code='2'>rdacarrier</subfield></datafield><datafield ind1='1' ind2='0' tag='600'><subfield code='a'>Haggard-Leirens, Virginia.</subfield><subfield code='0'>http://id.loc.gov/authorities/names/n86142717</subfield></datafield><datafield ind1=' ' ind2='0' tag='650'><subfield code='a'>Mistresses</subfield><subfield code='z'>France</subfield><subfield code='v'>Biography.</subfield><subfield code='0'>http://id.loc.gov/authorities/subjects/sh2010102176</subfield></datafield><datafield ind1='1' ind2='0' tag='600'><subfield code='a'>Chagall, Marc,</subfield><subfield code='d'>1887-1985</subfield><subfield code='x'>Relations with women.</subfield></datafield><datafield ind1='8' ind2='0' tag='852'><subfield code='h'>ND689 C34 H12</subfield><subfield code='0'>2489516</subfield><subfield code='b'>scsbcul</subfield></datafield><datafield ind1=' ' ind2=' ' tag='876'><subfield code='0'>2489516</subfield><subfield code='a'>3861479</subfield><subfield code='h'>In Library Use</subfield><subfield code='j'>Available</subfield><subfield code='p'>AR70914362</subfield><subfield code='t'>1</subfield><subfield code='x'>Shared</subfield><subfield code='z'>AR</subfield><subfield code='l'>RECAP</subfield></datafield></record>