
<record><leader>00760cam a2200265   4500</leader><controlfield tag='001'>SCSB-3450540</controlfield><controlfield tag='003'>NNC</controlfield><controlfield tag='005'>20220609025259.0</controlfield><controlfield tag='008'>721215s1960    nyu           000 0 eng d</controlfield><controlfield tag='009'>1916843</controlfield><datafield ind1=' ' ind2=' ' tag='010'><subfield code='a'>   60008361 </subfield></datafield><datafield ind1=' ' ind2=' ' tag='035'><subfield code='a'>(OCoLC)ocm00518318</subfield></datafield><datafield ind1=' ' ind2=' ' tag='035'><subfield code='9'>AMB2213CU</subfield></datafield><datafield ind1=' ' ind2=' ' tag='035'><subfield code='a'>(NNC)1916843</subfield></datafield><datafield ind1=' ' ind2=' ' tag='035'><subfield code='a'>1916843</subfield></datafield><datafield ind1=' ' ind2=' ' tag='040'><subfield code='a'>WSU</subfield><subfield code='c'>WSU</subfield><subfield code='d'>OCL</subfield><subfield code='d'>IAS</subfield><subfield code='d'>ZCU</subfield></datafield><datafield ind1='1' ind2=' ' tag='041'><subfield code='a'>eng</subfield><subfield code='h'>fre</subfield></datafield><datafield ind1='1' ind2=' ' tag='100'><subfield code='a'>Chagall, Marc,</subfield><subfield code='d'>1887-1985.</subfield><subfield code='0'>http://id.loc.gov/authorities/names/n79043105</subfield></datafield><datafield ind1='1' ind2='0' tag='245'><subfield code='a'>My life.</subfield></datafield><datafield ind1=' ' ind2=' ' tag='260'><subfield code='a'>New York :</subfield><subfield code='b'>Orion Press,</subfield><subfield code='c'>[1960]</subfield></datafield><datafield ind1=' ' ind2=' ' tag='300'><subfield code='a'>173 pages</subfield></datafield><datafield ind1=' ' ind2=' ' tag='336'><subfield code='a'>text</subfield><subfield code='b'>txt</subfield><subfield code='2'>rdacontent</subfield></datafield><datafield ind1=' ' ind2=' ' tag='337'><subfield code='a'>unmediated</subfield><subfield code='b'>n</subfield><subfield code='2'>rdamedia</subfield></datafield><datafield ind1='1' ind2='0' tag='600'><subfield code='a'>Chagall, Marc,</subfield><subfield code='d'>1887-1985.</subfield><subfield code='0'>http://id.loc.gov/authorities/names/n79043105</subfield></datafield><datafield ind1=' ' ind2=' ' tag='901'><subfield code='a'>beac8b86-5fc9-47f1-8ad9-c1f49ca4b846</subfield><subfield code='b'>13</subfield><subfield code='c'>false</subfield></datafield><datafield ind1='8' ind2='0' tag='852'><subfield code='h'>ND689 C34 C3472</subfield><subfield code='0'>3436229</subfield><subfield code='b'>scsbcul</subfield></datafield><datafield ind1=' ' ind2=' ' tag='876'><subfield code='0'>3436229</subfield><subfield code='a'>5165365</subfield><subfield code='h'>In Library Use</subfield><subfield code='j'>Available</subfield><subfield code='p'>AR62779427</subfield><subfield code='t'>1</subfield><subfield code='x'>Shared</subfield><subfield code='z'>AR</subfield><subfield code='l'>RECAP</subfield></datafield></record>