
<record><leader>01212cam a2200313 a 4500</leader><controlfield tag='001'>SCSB-11282518</controlfield><controlfield tag='005'>20020606090541.3</controlfield><controlfield tag='008'>870128s1983    pn       b    000 0 spa  </controlfield><controlfield tag='009'>990002512480203941</controlfield><datafield ind1=' ' ind2=' ' tag='010'><subfield code='a'>^^^84103204^//r922</subfield></datafield><datafield ind1=' ' ind2=' ' tag='035'><subfield code='a'>(OCoLC)12127915</subfield><subfield code='z'>(OCoLC)21660353</subfield></datafield><datafield ind1=' ' ind2=' ' tag='040'><subfield code='a'>DLC</subfield><subfield code='c'>DLC</subfield><subfield code='d'>CUY</subfield><subfield code='d'>HLS</subfield></datafield><datafield ind1=' ' ind2=' ' tag='043'><subfield code='a'>ncpn---</subfield><subfield code='a'>cl-----</subfield><subfield code='a'>n-us---</subfield></datafield><datafield ind1='0' ind2='0' tag='050'><subfield code='a'>F1566</subfield><subfield code='b'>.S64 1983</subfield></datafield><datafield ind1='0' ind2='0' tag='082'><subfield code='a'>972.87</subfield><subfield code='2'>19</subfield></datafield><datafield ind1='1' ind2=' ' tag='100'><subfield code='a'>Soler, Ricaurte.</subfield></datafield><datafield ind1='1' ind2='0' tag='245'><subfield code='a'>Cuatro ensayos de historia :</subfield><subfield code='b'>sobre Panamá y nuestra América /</subfield><subfield code='c'>Ricaurte Soler.</subfield></datafield><datafield ind1=' ' ind2=' ' tag='250'><subfield code='a'>1a ed.</subfield></datafield><datafield ind1=' ' ind2=' ' tag='260'><subfield code='a'>Panamá :</subfield><subfield code='b'>Editorial M. Arosemena,</subfield><subfield code='c'>1982 [i.e. 1983]</subfield></datafield><datafield ind1=' ' ind2=' ' tag='300'><subfield code='a'>93 p. ;</subfield><subfield code='c'>21 cm.</subfield></datafield><datafield ind1='1' ind2=' ' tag='490'><subfield code='a'>Colección Ricardo Miró</subfield></datafield><datafield ind1=' ' ind2=' ' tag='504'><subfield code='a'>Includes bibliographical references.</subfield></datafield><datafield ind1='0' ind2=' ' tag='505'><subfield code='a'>1. Blazquez de Pedro y los origenes del movimiento obrero organizado en Panama -- 2. Etapas del pensamiento y acción antiimperialistas en Panamá -- 3. Bolivar y la cuestión nacional americana -- 4. Manuel Ugarte, bolivarismo vs. imperialismo.</subfield></datafield><datafield ind1=' ' ind2='0' tag='650'><subfield code='a'>Pan-Americanism.</subfield></datafield><datafield ind1=' ' ind2='0' tag='651'><subfield code='a'>Panama</subfield><subfield code='x'>History.</subfield></datafield><datafield ind1=' ' ind2='0' tag='651'><subfield code='a'>Latin America</subfield><subfield code='x'>Relations</subfield><subfield code='z'>United States.</subfield></datafield><datafield ind1=' ' ind2='0' tag='651'><subfield code='a'>United States</subfield><subfield code='x'>Relations</subfield><subfield code='z'>Latin America</subfield></datafield><datafield ind1=' ' ind2='7' tag='655'><subfield code='a'>History</subfield><subfield code='2'>fast</subfield></datafield><datafield ind1='0' ind2='8' tag='776'><subfield code='i'>Online version:</subfield><subfield code='a'>Soler, Ricaurte.</subfield><subfield code='t'>Cuatro ensayos de historia.</subfield><subfield code='b'>1a ed.</subfield><subfield code='d'>Panamá : Editorial M. Arosemena, 1982 [i.e. 1983]</subfield><subfield code='w'>(OCoLC)657127603</subfield></datafield><datafield ind1=' ' ind2='0' tag='830'><subfield code='a'>Colección Ricardo Miró.</subfield></datafield><datafield ind1='1' ind2=' ' tag='583'><subfield code='a'>committed to retain</subfield><subfield code='c'>20181001</subfield><subfield code='d'>in perpetuity</subfield><subfield code='f'>ReCAP Shared Collection</subfield><subfield code='5'>HUL</subfield><subfield code='8'>221753069830003941</subfield></datafield><datafield ind1='1' ind2=' ' tag='583'><subfield code='a'>committed to retain</subfield><subfield code='c'>20170930</subfield><subfield code='d'>20421231</subfield><subfield code='f'>HathiTrust</subfield><subfield code='5'>HUL</subfield><subfield code='8'>221753069830003941</subfield></datafield><datafield ind1='0' ind2=' ' tag='852'><subfield code='c'>HD</subfield><subfield code='h'>F1566</subfield><subfield code='i'>.S64 1983</subfield><subfield code='0'>12086856</subfield><subfield code='b'>scsbhl</subfield></datafield><datafield ind1=' ' ind2=' ' tag='876'><subfield code='0'>12086856</subfield><subfield code='a'>17850304</subfield><subfield code='h'> </subfield><subfield code='j'>Available</subfield><subfield code='k'>WID</subfield><subfield code='p'>HW1UIK</subfield><subfield code='x'>Shared</subfield><subfield code='z'>HW</subfield><subfield code='l'>HD</subfield></datafield></record>