
<record><leader>01628cam a2200385 i 4500</leader><controlfield tag='001'>SCSB-2304314</controlfield><controlfield tag='003'>NNC</controlfield><controlfield tag='005'>20220518220133.0</controlfield><controlfield tag='008'>840426s1983    pn       b    00  0 spa d</controlfield><controlfield tag='009'>221631</controlfield><datafield ind1=' ' ind2=' ' tag='035'><subfield code='a'>(OCoLC)504554364</subfield></datafield><datafield ind1=' ' ind2=' ' tag='035'><subfield code='a'>(OCoLC)ocn504554364</subfield></datafield><datafield ind1=' ' ind2=' ' tag='035'><subfield code='a'>(CStRLIN)NYCG84-B27150</subfield></datafield><datafield ind1=' ' ind2=' ' tag='035'><subfield code='9'>AAZ3820CU</subfield></datafield><datafield ind1=' ' ind2=' ' tag='035'><subfield code='a'>(NNC)221631</subfield></datafield><datafield ind1=' ' ind2=' ' tag='035'><subfield code='a'>221631</subfield></datafield><datafield ind1=' ' ind2=' ' tag='040'><subfield code='a'>NNC</subfield><subfield code='c'>NNC</subfield></datafield><datafield ind1=' ' ind2=' ' tag='043'><subfield code='a'>ncpn---</subfield></datafield><datafield ind1=' ' ind2=' ' tag='090'><subfield code='a'>F1566.44</subfield><subfield code='b'>.S6</subfield></datafield><datafield ind1='1' ind2=' ' tag='100'><subfield code='a'>Soler, Ricaurte.</subfield><subfield code='0'>http://id.loc.gov/authorities/names/n50016749</subfield></datafield><datafield ind1='1' ind2='0' tag='245'><subfield code='a'>Cuatro ensayos de historia sobre Panamá y nuestra América /</subfield><subfield code='c'>Ricaurte Soler.</subfield></datafield><datafield ind1=' ' ind2=' ' tag='250'><subfield code='a'>la ed.</subfield></datafield><datafield ind1=' ' ind2=' ' tag='260'><subfield code='a'>Panamá :</subfield><subfield code='b'>Editorial Mariano Arosemena,</subfield><subfield code='c'>1983.</subfield></datafield><datafield ind1=' ' ind2=' ' tag='300'><subfield code='a'>93 pages ;</subfield><subfield code='c'>22 cm.</subfield></datafield><datafield ind1=' ' ind2=' ' tag='336'><subfield code='a'>text</subfield><subfield code='2'>rdacontent</subfield></datafield><datafield ind1=' ' ind2=' ' tag='337'><subfield code='a'>unmediated</subfield><subfield code='2'>rdamedia</subfield></datafield><datafield ind1=' ' ind2=' ' tag='338'><subfield code='a'>volume</subfield><subfield code='2'>rdacarrier</subfield></datafield><datafield ind1='1' ind2=' ' tag='490'><subfield code='a'>Colección Ricardo Miro. Premio Ensayo</subfield></datafield><datafield ind1=' ' ind2=' ' tag='504'><subfield code='a'>Includes bibliographical references.</subfield></datafield><datafield ind1='0' ind2=' ' tag='505'><subfield code='a'>1. Blazquez de Pedro y los origenes del movimiento obrero organizado en Panama -- 2. Etapas del pensamiento y acción antiimperialistas en Panamá -- 3. Bolivar y la cuestión nacional americana -- 4. Manuel Ugarte, bolivarismo vs. imperialismo.</subfield></datafield><datafield ind1=' ' ind2='0' tag='651'><subfield code='a'>Panama</subfield><subfield code='x'>Politics and government.</subfield><subfield code='0'>http://id.loc.gov/authorities/subjects/sh85097333</subfield></datafield><datafield ind1=' ' ind2='0' tag='651'><subfield code='a'>Latin America</subfield><subfield code='x'>Politics and government</subfield><subfield code='y'>1806-1830.</subfield><subfield code='0'>http://id.loc.gov/authorities/subjects/sh85074913</subfield></datafield><datafield ind1=' ' ind2='0' tag='650'><subfield code='a'>Nationalism</subfield><subfield code='z'>Latin America.</subfield><subfield code='0'>http://id.loc.gov/authorities/subjects/sh2008108293</subfield></datafield><datafield ind1=' ' ind2='0' tag='650'><subfield code='a'>Working class</subfield><subfield code='z'>Panama.</subfield></datafield><datafield ind1=' ' ind2='0' tag='830'><subfield code='a'>Colección Premio Ricardo Miró.</subfield><subfield code='p'>Ensayo.</subfield></datafield><datafield ind1='0' ind2='0' tag='852'><subfield code='h'>F1566.44 .S6</subfield><subfield code='0'>2274288</subfield><subfield code='b'>scsbcul</subfield></datafield><datafield ind1=' ' ind2=' ' tag='876'><subfield code='0'>2274288</subfield><subfield code='a'>3469488</subfield><subfield code='h'> </subfield><subfield code='j'>Available</subfield><subfield code='p'>CU53977645</subfield><subfield code='t'>1</subfield><subfield code='x'>Shared</subfield><subfield code='z'>CU</subfield><subfield code='l'>RECAP</subfield></datafield></record>