
<record><leader>01074cam a2200325   4500</leader><controlfield tag='001'>SCSB-2793219</controlfield><controlfield tag='003'>NNC</controlfield><controlfield tag='005'>20220526025828.0</controlfield><controlfield tag='008'>720627s1966    xx            000 0 spa u</controlfield><controlfield tag='009'>866447</controlfield><datafield ind1=' ' ind2=' ' tag='010'><subfield code='a'>   67123448 </subfield></datafield><datafield ind1=' ' ind2=' ' tag='035'><subfield code='a'>(OCoLC)339997</subfield></datafield><datafield ind1=' ' ind2=' ' tag='035'><subfield code='a'>(OCoLC)ocm00339997</subfield></datafield><datafield ind1=' ' ind2=' ' tag='035'><subfield code='9'>AER9906CU</subfield></datafield><datafield ind1=' ' ind2=' ' tag='035'><subfield code='a'>(NNC)866447</subfield></datafield><datafield ind1=' ' ind2=' ' tag='035'><subfield code='a'>866447</subfield></datafield><datafield ind1=' ' ind2=' ' tag='040'><subfield code='c'>CIN</subfield><subfield code='d'>m.c.</subfield><subfield code='d'>ZCU</subfield></datafield><datafield ind1=' ' ind2=' ' tag='090'><subfield code='a'>B4568.L32</subfield><subfield code='b'>S6</subfield></datafield><datafield ind1='1' ind2=' ' tag='100'><subfield code='a'>Soler Puigoriol, Pedro.</subfield></datafield><datafield ind1='1' ind2='3' tag='245'><subfield code='a'>El hombre, ser indigente ;</subfield><subfield code='b'>el pensamiento antropológico de Pedro Laín Entralgo.</subfield></datafield><datafield ind1=' ' ind2=' ' tag='260'><subfield code='a'>Madrid :</subfield><subfield code='b'>Ediciones Guadarrama,</subfield><subfield code='c'>[1966]</subfield></datafield><datafield ind1=' ' ind2=' ' tag='300'><subfield code='a'>358 pages ;</subfield><subfield code='c'>19 cm.</subfield></datafield><datafield ind1=' ' ind2=' ' tag='336'><subfield code='a'>text</subfield><subfield code='2'>rdacontent</subfield></datafield><datafield ind1=' ' ind2=' ' tag='337'><subfield code='a'>unmediated</subfield><subfield code='2'>rdamedia</subfield></datafield><datafield ind1=' ' ind2=' ' tag='338'><subfield code='a'>volume</subfield><subfield code='2'>rdacarrier</subfield></datafield><datafield ind1='1' ind2=' ' tag='490'><subfield code='a'>Colección Guadarrama de crítica y ensayo ;</subfield><subfield code='v'>47</subfield></datafield><datafield ind1=' ' ind2=' ' tag='504'><subfield code='a'>Bibliographical footnotes.</subfield></datafield><datafield ind1='1' ind2='0' tag='600'><subfield code='a'>Laín Entralgo, Pedro.</subfield><subfield code='0'>http://id.loc.gov/authorities/names/n50039420</subfield></datafield><datafield ind1=' ' ind2='0' tag='830'><subfield code='a'>Colección Guadarrama de crítica y ensayo ;</subfield><subfield code='v'>47.</subfield><subfield code='0'>http://id.loc.gov/authorities/names/nr98028182</subfield></datafield><datafield ind1=' ' ind2=' ' tag='901'><subfield code='a'>10e97d36-46b3-41e2-acc1-e2b7ec984b81</subfield><subfield code='b'>13</subfield><subfield code='c'>false</subfield></datafield><datafield ind1='0' ind2='0' tag='852'><subfield code='h'>B4568.L32 S6</subfield><subfield code='0'>2769735</subfield><subfield code='b'>scsbcul</subfield></datafield><datafield ind1=' ' ind2=' ' tag='876'><subfield code='0'>2769735</subfield><subfield code='a'>4398442</subfield><subfield code='h'> </subfield><subfield code='j'>Available</subfield><subfield code='p'>CU59750464</subfield><subfield code='t'>1</subfield><subfield code='x'>Open</subfield><subfield code='z'>CU</subfield><subfield code='l'>RECAP</subfield></datafield></record>