
<record><leader>00000nam  2200253I  4500</leader><controlfield tag='001'>SCSB-8176170</controlfield><controlfield tag='003'>OCoLC</controlfield><controlfield tag='005'>19990222104453.0</controlfield><controlfield tag='008'>780203s1931    nju           000 p eng  namI  </controlfield><controlfield tag='009'>.b130875934</controlfield><datafield ind1='1' ind2=' ' tag='100'><subfield code='a'>West, Andrew Fleming,</subfield><subfield code='d'>1858-</subfield></datafield><datafield ind1=' ' ind2=' ' tag='010'><subfield code='a'>31034671</subfield></datafield><datafield ind1=' ' ind2=' ' tag='260'><subfield code='a'>Princeton,</subfield><subfield code='b'>Princeton University Press,</subfield><subfield code='c'>1931.</subfield></datafield><datafield ind1=' ' ind2=' ' tag='300'><subfield code='a'>viii, 59 p.</subfield><subfield code='c'>23cm.</subfield></datafield><datafield ind1='1' ind2='0' tag='245'><subfield code='a'>Stray verses,</subfield><subfield code='c'>by Andrew Fleming West.</subfield></datafield><datafield ind1=' ' ind2=' ' tag='040'><subfield code='a'>DLC</subfield><subfield code='c'>AZU</subfield><subfield code='d'>AZU</subfield><subfield code='d'>NYP</subfield><subfield code='d'>WaOLN</subfield></datafield><datafield ind1=' ' ind2=' ' tag='049'><subfield code='a'>NYPG</subfield></datafield><datafield ind1='0' ind2='0' tag='050'><subfield code='a'>PS3545.E8277</subfield><subfield code='b'>S7 1931</subfield></datafield><datafield ind1='0' ind2='0' tag='908'><subfield code='a'>PS3545.E8277</subfield><subfield code='b'>S7 1931</subfield></datafield><datafield ind1='0' ind2='0' tag='082'><subfield code='a'>311.5</subfield></datafield><datafield ind1=' ' ind2=' ' tag='946'><subfield code='a'>r</subfield></datafield><datafield ind1=' ' ind2=' ' tag='997'><subfield code='a'>hg</subfield><subfield code='b'>08-15-99</subfield><subfield code='c'>m</subfield><subfield code='d'>a</subfield><subfield code='e'>-</subfield><subfield code='f'>eng</subfield><subfield code='g'>nju</subfield><subfield code='h'>0</subfield></datafield><datafield ind1=' ' ind2=' ' tag='910'><subfield code='a'>RL</subfield></datafield><datafield ind1='0' ind2='0' tag='907'><subfield code='a'>.b130875934</subfield></datafield><datafield ind1=' ' ind2=' ' tag='035'><subfield code='a'>(OCoLC)3602246</subfield></datafield><datafield ind1=' ' ind2=' ' tag='901'><subfield code='a'>1cef2122-d128-41d8-8245-3b5ade561cc8</subfield><subfield code='b'>13</subfield><subfield code='c'>false</subfield></datafield><datafield ind1='8' ind2=' ' tag='852'><subfield code='h'>NBI (West, A. F. Stray verses)</subfield><subfield code='0'>8326237</subfield><subfield code='b'>scsbnypl</subfield></datafield><datafield ind1=' ' ind2=' ' tag='876'><subfield code='0'>8326237</subfield><subfield code='a'>13683401</subfield><subfield code='j'>Available</subfield><subfield code='p'>33433110681958</subfield><subfield code='t'>1</subfield><subfield code='x'>Shared</subfield><subfield code='z'>NA</subfield><subfield code='l'>RECAP</subfield></datafield><datafield ind1=' ' ind2=' ' tag='876'><subfield code='0'>8326237</subfield><subfield code='a'>13683402</subfield><subfield code='j'>Available</subfield><subfield code='p'>33433110682105</subfield><subfield code='t'>1</subfield><subfield code='x'>Shared</subfield><subfield code='z'>NA</subfield><subfield code='l'>RECAP</subfield></datafield></record>