
<record><leader>00000nam  2200361Ia 4500</leader><controlfield tag='001'>SCSB-14453073</controlfield><controlfield tag='003'>OCoLC</controlfield><controlfield tag='005'>20080313063226.0</controlfield><controlfield tag='008'>071019s2007    gw a     b    100 0 ger dnamIa </controlfield><controlfield tag='009'>.b166899069</controlfield><datafield ind1='2' ind2=' ' tag='710'><subfield code='a'>Sekretariat für Gemeinsame Kulturarbeit in Nordrhein-Westfalen.</subfield></datafield><datafield ind1='2' ind2=' ' tag='710'><subfield code='a'>Kulturstiftung Nordrhein-Westfalen.</subfield></datafield><datafield ind1=' ' ind2='0' tag='650'><subfield code='a'>World music</subfield><subfield code='v'>Congresses.</subfield></datafield><datafield ind1=' ' ind2='0' tag='650'><subfield code='a'>Ethnomusicology</subfield><subfield code='v'>Congresses.</subfield></datafield><datafield ind1=' ' ind2=' ' tag='250'><subfield code='a'>1. Aufl.</subfield></datafield><datafield ind1=' ' ind2=' ' tag='020'><subfield code='a'>9783898617215 (pbk.)</subfield></datafield><datafield ind1=' ' ind2=' ' tag='020'><subfield code='a'>3898617211 (pbk.)</subfield></datafield><datafield ind1=' ' ind2=' ' tag='500'><subfield code='a'>International conference proceedings.</subfield></datafield><datafield ind1=' ' ind2=' ' tag='500'><subfield code='a'>6 German, 2 English contributions.</subfield></datafield><datafield ind1=' ' ind2=' ' tag='504'><subfield code='a'>Includes bibliographical references.</subfield></datafield><datafield ind1=' ' ind2=' ' tag='260'><subfield code='a'>Essen :</subfield><subfield code='b'>Klartext,</subfield><subfield code='c'>2007.</subfield></datafield><datafield ind1=' ' ind2=' ' tag='300'><subfield code='a'>141 p. :</subfield><subfield code='b'>ill. ;</subfield><subfield code='c'>21 cm.</subfield></datafield><datafield ind1=' ' ind2='0' tag='440'><subfield code='a'>Kulturhandbücher NRW ;</subfield><subfield code='v'>Bd. 12</subfield></datafield><datafield ind1='0' ind2='0' tag='245'><subfield code='a'>&quot;Weltmusik&quot; - ein Missverständnis? :</subfield><subfield code='b'>Dokumentation des Symposions vom 13. Mai 2006, PACT Zollverein, Essen ; veranstaltet im Rahmen von &quot;Das 3. Ohr&quot; vom NRW Kultursekretariat in Verbindung mit der Kunststiftung NRW /</subfield><subfield code='c'>NRW Kultursekretariat (Hg.).</subfield></datafield><datafield ind1='7' ind2=' ' tag='016'><subfield code='a'>982566638</subfield><subfield code='2'>GyFmDB</subfield></datafield><datafield ind1=' ' ind2=' ' tag='040'><subfield code='a'>OHX</subfield><subfield code='c'>OHX</subfield><subfield code='d'>NYP</subfield></datafield><datafield ind1=' ' ind2=' ' tag='049'><subfield code='a'>NYPP</subfield></datafield><datafield ind1=' ' ind2='7' tag='072'><subfield code='a'>ML</subfield><subfield code='2'>lcco</subfield></datafield><datafield ind1=' ' ind2=' ' tag='901'><subfield code='b'>pm</subfield><subfield code='c'>CMC/CDJ</subfield></datafield><datafield ind1=' ' ind2=' ' tag='946'><subfield code='a'>m</subfield></datafield><datafield ind1=' ' ind2=' ' tag='997'><subfield code='a'>pm</subfield><subfield code='b'>03-13-08</subfield><subfield code='c'>m</subfield><subfield code='d'>a</subfield><subfield code='e'>-</subfield><subfield code='f'>ger</subfield><subfield code='g'>gw</subfield><subfield code='h'>0</subfield></datafield><datafield ind1=' ' ind2=' ' tag='910'><subfield code='a'>RL</subfield></datafield><datafield ind1='0' ind2='0' tag='907'><subfield code='a'>.b166899069</subfield></datafield><datafield ind1=' ' ind2=' ' tag='035'><subfield code='a'>(OCoLC)175646320</subfield></datafield><datafield ind1=' ' ind2=' ' tag='901'><subfield code='a'>21a62301-c640-4603-96a3-7f1994cf13c8</subfield><subfield code='b'>25</subfield><subfield code='c'>false</subfield></datafield><datafield ind1='8' ind2=' ' tag='852'><subfield code='h'>JMD 08-519</subfield><subfield code='0'>15420769</subfield><subfield code='b'>scsbnypl</subfield></datafield><datafield ind1=' ' ind2=' ' tag='876'><subfield code='0'>15420769</subfield><subfield code='a'>21986281</subfield><subfield code='j'>Available</subfield><subfield code='p'>33433082765441</subfield><subfield code='t'>1</subfield><subfield code='x'>Open</subfield><subfield code='z'>NA</subfield><subfield code='l'>RECAP</subfield></datafield></record>