
<record><leader>02453cam a2200445Ia 4500</leader><controlfield tag='001'>SCSB-5374289</controlfield><controlfield tag='003'>NNC</controlfield><controlfield tag='005'>20221122023137.0</controlfield><controlfield tag='008'>071102s2007    gw a     bk   100 0 ger d</controlfield><controlfield tag='009'>6327373</controlfield><datafield ind1='7' ind2=' ' tag='016'><subfield code='a'>982566638</subfield><subfield code='2'>GyFmDB</subfield></datafield><datafield ind1=' ' ind2=' ' tag='020'><subfield code='a'>9783898617215 (pbk.)</subfield></datafield><datafield ind1=' ' ind2=' ' tag='020'><subfield code='a'>3898617211 (pbk.)</subfield></datafield><datafield ind1='0' ind2=' ' tag='029'><subfield code='a'>OHX</subfield><subfield code='b'>har070013091</subfield></datafield><datafield ind1=' ' ind2=' ' tag='035'><subfield code='a'>(OCoLC)175646320</subfield></datafield><datafield ind1=' ' ind2=' ' tag='035'><subfield code='a'>(OCoLC)ocn175646320</subfield></datafield><datafield ind1=' ' ind2=' ' tag='035'><subfield code='a'>(NNC)6327373</subfield></datafield><datafield ind1=' ' ind2=' ' tag='035'><subfield code='a'>6327373</subfield></datafield><datafield ind1=' ' ind2=' ' tag='040'><subfield code='a'>OHX</subfield><subfield code='c'>OHX</subfield><subfield code='d'>NOC</subfield><subfield code='d'>CUY</subfield><subfield code='d'>WTU</subfield></datafield><datafield ind1='0' ind2=' ' tag='041'><subfield code='a'>ger</subfield><subfield code='a'>eng</subfield></datafield><datafield ind1=' ' ind2='4' tag='050'><subfield code='a'>ML3544.5</subfield><subfield code='b'>.W44 2007</subfield></datafield><datafield ind1=' ' ind2='7' tag='072'><subfield code='a'>ML</subfield><subfield code='2'>lcco</subfield></datafield><datafield ind1='0' ind2='0' tag='245'><subfield code='a'>&quot;Weltmusik&quot;--ein Missverständnis? :</subfield><subfield code='b'>Dokumentation des Symposions vom 13. Mai 2006, PACT Zollverein, Essen : veranstaltet im Rahmen von &quot;Das 3. Ohr&quot; vom NRW Kultursekretariat in Verbindung mit der Kunststiftung NRW /</subfield><subfield code='c'>NRW Kultursekretariat (Hg.).</subfield></datafield><datafield ind1=' ' ind2=' ' tag='250'><subfield code='a'>1. Aufl.</subfield></datafield><datafield ind1=' ' ind2=' ' tag='260'><subfield code='a'>Essen :</subfield><subfield code='b'>Klartext,</subfield><subfield code='c'>2007.</subfield></datafield><datafield ind1=' ' ind2=' ' tag='300'><subfield code='a'>141 pages :</subfield><subfield code='b'>illustrations ;</subfield><subfield code='c'>21 cm.</subfield></datafield><datafield ind1=' ' ind2=' ' tag='336'><subfield code='a'>text</subfield><subfield code='b'>txt</subfield><subfield code='2'>rdacontent</subfield></datafield><datafield ind1=' ' ind2=' ' tag='337'><subfield code='a'>unmediated</subfield><subfield code='b'>n</subfield><subfield code='2'>rdamedia</subfield></datafield><datafield ind1='1' ind2=' ' tag='490'><subfield code='a'>Kulturhandbücher NRW ;</subfield><subfield code='v'>Bd. 12</subfield></datafield><datafield ind1=' ' ind2=' ' tag='546'><subfield code='a'>Six German, 2 English contributions.</subfield></datafield><datafield ind1=' ' ind2=' ' tag='504'><subfield code='a'>Includes bibliographical and discographical references.</subfield></datafield><datafield ind1='0' ind2=' ' tag='505'><subfield code='a'>Das Volk der Volksmusik, die Kunst der Kunstmusik, die Welt der Weltmusik / Jan Reichow -- Transkulturelles Musikverstehen und das veränderliche individuelle Kulturprofil des Menschen / Gerhard Kubik -- The art of musical bow in Africa / Moya A. Malamusi -- Weltmusik : Welt der Illusionen? / Britta Sweers -- Über die Dummheit in der Weltmusik / Wolfgang Hamm -- &quot;Music traditionelles&quot; versus &quot;World music&quot; / Alain Weber -- &quot;Schwarzer Springer, weisser Turm&quot; : zum Wechselspiel der (Welt-)Musikkulturen in der Republik Guinea / Barbara Wrenger -- &quot;Man muss nur lachen!&quot; : die CD &quot;Mozart in Egypt&quot; in ägyptischen Ohren / Manfred Bartmann -- Auszüge aus der Podiumsdiskussion &quot;Weltmusik&quot;--ein Missverständnis?</subfield></datafield><datafield ind1=' ' ind2='0' tag='650'><subfield code='a'>World music</subfield><subfield code='v'>Congresses.</subfield></datafield><datafield ind1=' ' ind2='0' tag='650'><subfield code='a'>Ethnomusicology</subfield><subfield code='v'>Congresses.</subfield><subfield code='0'>http://id.loc.gov/authorities/subjects/sh2008103341</subfield></datafield><datafield ind1='2' ind2=' ' tag='710'><subfield code='a'>PACT Zollverein.</subfield><subfield code='0'>http://id.loc.gov/authorities/names/nr2003004144</subfield></datafield><datafield ind1='2' ind2=' ' tag='710'><subfield code='a'>Kultursekretariat Nordrhein-Westfalen.</subfield><subfield code='0'>http://id.loc.gov/authorities/names/n88170827</subfield></datafield><datafield ind1=' ' ind2='0' tag='830'><subfield code='a'>Kulturhandbücher NRW ;</subfield><subfield code='v'>Bd. 12.</subfield><subfield code='0'>http://id.loc.gov/authorities/names/n94019195</subfield></datafield><datafield ind1=' ' ind2=' ' tag='901'><subfield code='a'>21a62301-c640-4603-96a3-7f1994cf13c8</subfield><subfield code='b'>25</subfield><subfield code='c'>false</subfield></datafield><datafield ind1='0' ind2='0' tag='852'><subfield code='h'>ML3544.5 .W44 2007g</subfield><subfield code='0'>5363584</subfield><subfield code='b'>scsbcul</subfield></datafield><datafield ind1=' ' ind2=' ' tag='876'><subfield code='0'>5363584</subfield><subfield code='a'>7962405</subfield><subfield code='h'> </subfield><subfield code='j'>Available</subfield><subfield code='p'>CU90303563</subfield><subfield code='t'>1</subfield><subfield code='x'>Shared</subfield><subfield code='z'>CU</subfield><subfield code='l'>RECAP</subfield></datafield></record>