
<record><leader>03312cjm a22006491a 4500</leader><controlfield tag='001'>SCSB-14159852</controlfield><controlfield tag='003'>NNC</controlfield><controlfield tag='005'>20240626182748.0</controlfield><controlfield tag='007'>sd fsngnnmmned</controlfield><controlfield tag='008'>950928p19951994gw sgnn  dfik     n snd  </controlfield><controlfield tag='009'>16683140</controlfield><datafield ind1=' ' ind2=' ' tag='010'><subfield code='a'>   99591846 </subfield></datafield><datafield ind1=' ' ind2=' ' tag='019'><subfield code='a'>37850739</subfield><subfield code='a'>39832507</subfield><subfield code='a'>42574992</subfield></datafield><datafield ind1='3' ind2=' ' tag='024'><subfield code='a'>4010228151527</subfield></datafield><datafield ind1='0' ind2='2' tag='028'><subfield code='a'>SM 1515-2</subfield><subfield code='b'>Haus der Kulturen der Welt</subfield></datafield><datafield ind1='0' ind2='2' tag='028'><subfield code='a'>281515-2</subfield><subfield code='b'>Haus der Kulturen der Welt</subfield></datafield><datafield ind1='1' ind2=' ' tag='029'><subfield code='a'>AU@</subfield><subfield code='b'>000022709751</subfield></datafield><datafield ind1='1' ind2=' ' tag='029'><subfield code='a'>AU@</subfield><subfield code='b'>000028563727</subfield></datafield><datafield ind1='0' ind2='0' tag='033'><subfield code='a'>19941004</subfield><subfield code='b'>6299</subfield><subfield code='c'>B3</subfield></datafield><datafield ind1='0' ind2=' ' tag='033'><subfield code='a'>19921004</subfield></datafield><datafield ind1=' ' ind2=' ' tag='035'><subfield code='a'>(OCoLC)ocm33214820</subfield></datafield><datafield ind1=' ' ind2=' ' tag='035'><subfield code='a'>(OCoLC)33214820</subfield><subfield code='z'>(OCoLC)37850739</subfield><subfield code='z'>(OCoLC)39832507</subfield><subfield code='z'>(OCoLC)42574992</subfield></datafield><datafield ind1=' ' ind2=' ' tag='035'><subfield code='a'>16683140</subfield></datafield><datafield ind1=' ' ind2=' ' tag='040'><subfield code='a'>DLC</subfield><subfield code='b'>eng</subfield><subfield code='c'>OBE</subfield><subfield code='d'>DLC</subfield><subfield code='d'>OCLCQ</subfield><subfield code='d'>UOK</subfield><subfield code='d'>OCLCF</subfield><subfield code='d'>OCL</subfield><subfield code='d'>OCLCO</subfield><subfield code='d'>OCLCQ</subfield><subfield code='d'>OCLCO</subfield><subfield code='d'>ZCU</subfield></datafield><datafield ind1='0' ind2=' ' tag='041'><subfield code='d'>snd</subfield><subfield code='e'>ger</subfield><subfield code='e'>eng</subfield><subfield code='n'>snd</subfield><subfield code='g'>ger</subfield><subfield code='g'>eng</subfield></datafield><datafield ind1=' ' ind2=' ' tag='042'><subfield code='a'>lcderive</subfield></datafield><datafield ind1=' ' ind2=' ' tag='043'><subfield code='a'>a-pk---</subfield></datafield><datafield ind1=' ' ind2=' ' tag='049'><subfield code='a'>ZCUA</subfield></datafield><datafield ind1='0' ind2='0' tag='050'><subfield code='a'>SDB 28553</subfield></datafield><datafield ind1='2' ind2=' ' tag='110'><subfield code='a'>Sindhi Music Ensemble,</subfield><subfield code='e'>performer.</subfield><subfield code='4'>http://id.loc.gov/vocabulary/relators/prf</subfield><subfield code='0'>http://id.loc.gov/authorities/names/nr98017020</subfield></datafield><datafield ind1='1' ind2='0' tag='245'><subfield code='a'>Sufi music from Sindh /</subfield><subfield code='c'>the Sindhi Music Ensemble.</subfield></datafield><datafield ind1=' ' ind2=' ' tag='260'><subfield code='a'>Berlin :</subfield><subfield code='b'>Haus der Kulturen der Welt,</subfield><subfield code='c'>[1995], ℗1995.</subfield></datafield><datafield ind1=' ' ind2=' ' tag='300'><subfield code='a'>1 audio disc (74 min.) :</subfield><subfield code='b'>digital ;</subfield><subfield code='c'>4 3/4 in.</subfield></datafield><datafield ind1=' ' ind2=' ' tag='306'><subfield code='a'>011314</subfield></datafield><datafield ind1=' ' ind2=' ' tag='336'><subfield code='a'>performed music</subfield><subfield code='b'>prm</subfield><subfield code='2'>rdacontent</subfield></datafield><datafield ind1=' ' ind2=' ' tag='337'><subfield code='a'>audio</subfield><subfield code='b'>s</subfield><subfield code='2'>rdamedia</subfield></datafield><datafield ind1=' ' ind2=' ' tag='338'><subfield code='a'>audio disc</subfield><subfield code='b'>sd</subfield><subfield code='2'>rdacarrier</subfield></datafield><datafield ind1='1' ind2=' ' tag='490'><subfield code='a'>Weltmusik</subfield></datafield><datafield ind1='1' ind2=' ' tag='490'><subfield code='a'>Pro musica viva</subfield></datafield><datafield ind1=' ' ind2=' ' tag='500'><subfield code='a'>Haus der Kulturen der Welt: SM 1515-2 (281515-2).</subfield></datafield><datafield ind1=' ' ind2=' ' tag='546'><subfield code='a'>Vocal works sung in Sindhi.</subfield></datafield><datafield ind1='0' ind2=' ' tag='511'><subfield code='a'>The Sindhi Music Ensemble: Sohrab Fakir, voice ; Husna Naz, voice, ektara ; Ghous Bux Brohi, alghoza, benu ; Mohammad Mirbahar, surando ; Arab Sain, danbura ; Mahmud Hussein, harmonium ; Mohammad Soomar, dholak.</subfield></datafield><datafield ind1=' ' ind2=' ' tag='518'><subfield code='a'>Recorded Oct. 4, 1992, at the studios of Sender Freies, Berlin.</subfield></datafield><datafield ind1=' ' ind2=' ' tag='500'><subfield code='a'>Compact disc.</subfield></datafield><datafield ind1='0' ind2=' ' tag='505'><subfield code='a'>Instrumental : rag jogiya (4:58) -- Dhamal Qalandar Shahbaz (3:47) -- Kafi of Shah Abdul Latif : rag lorrao (5:39) -- Instrumental : rag kohiyari (4:06) -- Way of Shah Abdul Latif : rag Sindhi behrwee (4:16) -- Instrumental : rag behrwee (4:26) -- Poem of Sachal Sarmast : rag Sindhi behrwee (8:00) -- Instrumental : rag durga (4:13) -- Thari lok geet (5:01) -- Instrumental : rag larrao (3:26) -- Kafi of Sufi Ali Mohammad : rag sorath (6:20) -- Poem of Chandur : rag zilo (5:36) -- Instrumental : rag darbari (4:47) -- Kafi of Shah Abdul Latif : rag sohni (8:07).</subfield></datafield><datafield ind1=' ' ind2='0' tag='650'><subfield code='a'>Music</subfield><subfield code='z'>Pakistan</subfield><subfield code='z'>Sindh.</subfield><subfield code='0'>http://id.loc.gov/authorities/subjects/sh2010102893</subfield></datafield><datafield ind1=' ' ind2='0' tag='650'><subfield code='a'>Sufi music</subfield><subfield code='z'>Pakistan</subfield><subfield code='z'>Sindh.</subfield></datafield><datafield ind1=' ' ind2='0' tag='650'><subfield code='a'>Songs, Sindhi</subfield><subfield code='z'>Pakistan</subfield><subfield code='z'>Sindh.</subfield><subfield code='0'>http://id.loc.gov/authorities/subjects/sh2010114194</subfield></datafield><datafield ind1=' ' ind2='6' tag='650'><subfield code='a'>Musique</subfield><subfield code='0'>(CaQQLa)201-0070033</subfield><subfield code='z'>Pākistān</subfield><subfield code='0'>(CaQQLa)201-0493041</subfield><subfield code='z'>Sind.</subfield><subfield code='0'>(CaQQLa)201-0493041</subfield></datafield><datafield ind1=' ' ind2='6' tag='650'><subfield code='a'>Musique soufie</subfield><subfield code='0'>(CaQQLa)201-0195717</subfield><subfield code='z'>Pākistān</subfield><subfield code='0'>(CaQQLa)201-0493041</subfield><subfield code='z'>Sind.</subfield><subfield code='0'>(CaQQLa)201-0493041</subfield></datafield><datafield ind1=' ' ind2='7' tag='650'><subfield code='a'>Music.</subfield><subfield code='2'>fast</subfield><subfield code='0'>(OCoLC)fst01030269</subfield></datafield><datafield ind1=' ' ind2='7' tag='650'><subfield code='a'>Songs, Sindhi.</subfield><subfield code='2'>fast</subfield><subfield code='0'>(OCoLC)fst01126517</subfield></datafield><datafield ind1=' ' ind2='7' tag='650'><subfield code='a'>Sufi music.</subfield><subfield code='2'>fast</subfield><subfield code='0'>(OCoLC)fst01137217</subfield></datafield><datafield ind1=' ' ind2='7' tag='651'><subfield code='a'>Pakistan</subfield><subfield code='z'>Sindh.</subfield><subfield code='2'>fast</subfield><subfield code='0'>(OCoLC)fst01254272</subfield></datafield><datafield ind1=' ' ind2='0' tag='830'><subfield code='a'>Pro musica viva.</subfield></datafield><datafield ind1=' ' ind2='0' tag='830'><subfield code='a'>Welt Musik (Mainz, Rhineland-Palatinate, Germany)</subfield></datafield><datafield ind1='8' ind2='0' tag='852'><subfield code='h'>COMPACT DISC</subfield><subfield code='0'>15106817</subfield><subfield code='b'>scsbcul</subfield></datafield><datafield ind1=' ' ind2=' ' tag='876'><subfield code='0'>15106817</subfield><subfield code='a'>21591316</subfield><subfield code='h'>In Library Use</subfield><subfield code='j'>Available</subfield><subfield code='p'>MR00612480</subfield><subfield code='t'>1</subfield><subfield code='x'>Open</subfield><subfield code='z'>MR</subfield><subfield code='l'>RECAP</subfield></datafield></record>