
<record><leader>00966aam a2200313 a 4500</leader><controlfield tag='001'>SCSB-10868353</controlfield><controlfield tag='005'>20020606093309.7</controlfield><controlfield tag='008'>911010s1991    ii ab    b    00110 eng  </controlfield><controlfield tag='009'>990024262720203941</controlfield><datafield ind1=' ' ind2=' ' tag='010'><subfield code='a'>^^^91903707^</subfield></datafield><datafield ind1=' ' ind2=' ' tag='020'><subfield code='a'>8185459010 :</subfield><subfield code='c'>Rs250.00 ($20.00 U.S.)</subfield></datafield><datafield ind1=' ' ind2=' ' tag='020'><subfield code='a'>8185459002 (pbk.)</subfield></datafield><datafield ind1=' ' ind2=' ' tag='035'><subfield code='a'>(OCoLC)25237343</subfield></datafield><datafield ind1=' ' ind2=' ' tag='040'><subfield code='a'>DLC</subfield><subfield code='c'>DLC</subfield><subfield code='d'>DLC</subfield></datafield><datafield ind1=' ' ind2=' ' tag='043'><subfield code='a'>a-ii---</subfield></datafield><datafield ind1='0' ind2='0' tag='050'><subfield code='a'>DS480.84</subfield><subfield code='b'>.D285 1991</subfield></datafield><datafield ind1='0' ind2='0' tag='082'><subfield code='a'>320.954</subfield><subfield code='2'>20</subfield></datafield><datafield ind1='1' ind2=' ' tag='100'><subfield code='a'>Damas, Marius.</subfield></datafield><datafield ind1='1' ind2='0' tag='245'><subfield code='a'>Approaching Naxalbari /</subfield><subfield code='c'>Marius Damas.</subfield></datafield><datafield ind1=' ' ind2=' ' tag='250'><subfield code='a'>1st ed.</subfield></datafield><datafield ind1=' ' ind2=' ' tag='260'><subfield code='a'>Calcutta, India :</subfield><subfield code='b'>Radical Impression,</subfield><subfield code='c'>1991.</subfield></datafield><datafield ind1=' ' ind2=' ' tag='300'><subfield code='a'>xvi, 324 p. :</subfield><subfield code='b'>ill., maps ;</subfield><subfield code='c'>22 cm.</subfield></datafield><datafield ind1=' ' ind2=' ' tag='500'><subfield code='a'>On Naxalite Movement in India and communist strategy.</subfield></datafield><datafield ind1=' ' ind2=' ' tag='500'><subfield code='a'>Includes index.</subfield></datafield><datafield ind1=' ' ind2=' ' tag='504'><subfield code='a'>Includes bibliographical references (p. [314]-319).</subfield></datafield><datafield ind1=' ' ind2='0' tag='650'><subfield code='a'>Naxalite Movement.</subfield></datafield><datafield ind1=' ' ind2='0' tag='650'><subfield code='a'>Communism</subfield><subfield code='z'>India</subfield><subfield code='x'>History</subfield></datafield><datafield ind1=' ' ind2='0' tag='651'><subfield code='a'>India</subfield><subfield code='x'>Politics and government</subfield><subfield code='y'>1947-</subfield></datafield><datafield ind1='1' ind2=' ' tag='583'><subfield code='a'>committed to retain</subfield><subfield code='c'>20181001</subfield><subfield code='d'>in perpetuity</subfield><subfield code='f'>ReCAP Shared Collection</subfield><subfield code='5'>HUL</subfield><subfield code='8'>221844596120003941</subfield></datafield><datafield ind1='0' ind2=' ' tag='852'><subfield code='c'>HD</subfield><subfield code='h'>DS480.84</subfield><subfield code='i'>.D285 1991</subfield><subfield code='0'>11660371</subfield><subfield code='b'>scsbhl</subfield></datafield><datafield ind1=' ' ind2=' ' tag='876'><subfield code='0'>11660371</subfield><subfield code='a'>17407688</subfield><subfield code='h'> </subfield><subfield code='j'>Available</subfield><subfield code='k'>WID</subfield><subfield code='p'>HWG5GG</subfield><subfield code='x'>Shared</subfield><subfield code='z'>HW</subfield><subfield code='l'>HD</subfield></datafield></record>