
<record><leader>01602cam a2200445 a 4500</leader><controlfield tag='001'>SCSB-5507261</controlfield><controlfield tag='003'>NNC</controlfield><controlfield tag='005'>20221206002718.0</controlfield><controlfield tag='008'>100128s2009    ii     g b    001 0 eng d</controlfield><controlfield tag='009'>7613949</controlfield><datafield ind1=' ' ind2=' ' tag='010'><subfield code='a'>  2010316033</subfield></datafield><datafield ind1=' ' ind2=' ' tag='020'><subfield code='a'>9788178190709</subfield></datafield><datafield ind1=' ' ind2=' ' tag='020'><subfield code='a'>8178190702</subfield></datafield><datafield ind1=' ' ind2=' ' tag='025'><subfield code='a'>I-E-2010-316033; 62-90</subfield></datafield><datafield ind1=' ' ind2=' ' tag='035'><subfield code='a'>(OCoLC)ocn474740387</subfield></datafield><datafield ind1=' ' ind2=' ' tag='035'><subfield code='a'>(NNC)7613949</subfield></datafield><datafield ind1=' ' ind2=' ' tag='035'><subfield code='a'>(OCoLC)474740387</subfield></datafield><datafield ind1=' ' ind2=' ' tag='035'><subfield code='a'>7613949</subfield></datafield><datafield ind1=' ' ind2=' ' tag='037'><subfield code='a'>Library of Congress -- New Delhi Overseas Office</subfield><subfield code='c'>Rs495.00</subfield></datafield><datafield ind1=' ' ind2=' ' tag='040'><subfield code='a'>DKAGE</subfield><subfield code='c'>DKAGE</subfield><subfield code='d'>DLC</subfield></datafield><datafield ind1=' ' ind2=' ' tag='042'><subfield code='a'>lccopycat</subfield><subfield code='a'>lcode</subfield></datafield><datafield ind1=' ' ind2=' ' tag='043'><subfield code='a'>a-ii---</subfield></datafield><datafield ind1='0' ind2='0' tag='050'><subfield code='a'>HX393.5</subfield><subfield code='b'>.G48 2009</subfield></datafield><datafield ind1='0' ind2='4' tag='082'><subfield code='a'>322.4209540904</subfield><subfield code='2'>22</subfield></datafield><datafield ind1='1' ind2=' ' tag='100'><subfield code='a'>Ghosh, Suniti Kumar.</subfield><subfield code='0'>http://id.loc.gov/authorities/names/n85103721</subfield></datafield><datafield ind1='1' ind2='0' tag='245'><subfield code='a'>Naxalbari :</subfield><subfield code='b'>before and after : reminiscences and appraisal /</subfield><subfield code='c'>Suniti Kumar Ghosh.</subfield></datafield><datafield ind1=' ' ind2=' ' tag='260'><subfield code='a'>Kolkata :</subfield><subfield code='b'>New Age Publishers,</subfield><subfield code='c'>2009.</subfield></datafield><datafield ind1=' ' ind2=' ' tag='300'><subfield code='a'>x, 350 pages ;</subfield><subfield code='c'>25 cm</subfield></datafield><datafield ind1=' ' ind2=' ' tag='336'><subfield code='a'>text</subfield><subfield code='b'>txt</subfield><subfield code='2'>rdacontent</subfield></datafield><datafield ind1=' ' ind2=' ' tag='337'><subfield code='a'>unmediated</subfield><subfield code='b'>n</subfield><subfield code='2'>rdamedia</subfield></datafield><datafield ind1=' ' ind2=' ' tag='500'><subfield code='a'>Includes index.</subfield></datafield><datafield ind1=' ' ind2=' ' tag='504'><subfield code='a'>Includes bibliographical references (p. [339]-343).</subfield></datafield><datafield ind1=' ' ind2='0' tag='650'><subfield code='a'>Naxalite movement.</subfield><subfield code='0'>http://id.loc.gov/authorities/subjects/sh85090453</subfield></datafield><datafield ind1=' ' ind2='0' tag='650'><subfield code='a'>Communism</subfield><subfield code='z'>India.</subfield><subfield code='0'>http://id.loc.gov/authorities/subjects/sh85029127</subfield></datafield><datafield ind1='1' ind2='0' tag='600'><subfield code='a'>Ghosh, Suniti Kumar.</subfield><subfield code='0'>http://id.loc.gov/authorities/names/n85103721</subfield></datafield><datafield ind1=' ' ind2='0' tag='651'><subfield code='a'>India</subfield><subfield code='x'>Politics and government</subfield><subfield code='y'>1947-</subfield><subfield code='0'>http://id.loc.gov/authorities/subjects/sh85064944</subfield></datafield><datafield ind1='0' ind2='0' tag='852'><subfield code='h'>HX393.5 .G48 2009</subfield><subfield code='0'>5500114</subfield><subfield code='b'>scsbcul</subfield></datafield><datafield ind1=' ' ind2=' ' tag='876'><subfield code='0'>5500114</subfield><subfield code='a'>8155112</subfield><subfield code='h'> </subfield><subfield code='j'>Available</subfield><subfield code='p'>CU16591062</subfield><subfield code='t'>1</subfield><subfield code='x'>Shared</subfield><subfield code='z'>CU</subfield><subfield code='l'>RECAP</subfield></datafield></record>