
<record><leader>00000cam a2200469 a 4500</leader><controlfield tag='001'>SCSB-10792307</controlfield><controlfield tag='005'>20130530161803.0</controlfield><controlfield tag='008'>120705s2012    bcc      b    001 0 eng  </controlfield><controlfield tag='009'>990135250210203941</controlfield><datafield ind1=' ' ind2=' ' tag='016'><subfield code='a'>20129036358</subfield></datafield><datafield ind1=' ' ind2=' ' tag='020'><subfield code='a'>9780774824002</subfield></datafield><datafield ind1=' ' ind2=' ' tag='020'><subfield code='a'>077482400X</subfield></datafield><datafield ind1=' ' ind2=' ' tag='035'><subfield code='a'>(OCoLC)798415581</subfield><subfield code='z'>(OCoLC)1080830603</subfield><subfield code='z'>(OCoLC)1355717147</subfield></datafield><datafield ind1=' ' ind2=' ' tag='040'><subfield code='a'>NLC</subfield><subfield code='b'>eng</subfield><subfield code='c'>NLC</subfield><subfield code='d'>OCLCO</subfield><subfield code='d'>BTCTA</subfield><subfield code='d'>YDXCP</subfield><subfield code='d'>CDX</subfield><subfield code='d'>BWX</subfield><subfield code='d'>IUL</subfield><subfield code='d'>VP@</subfield><subfield code='d'>COO</subfield><subfield code='d'>FTU</subfield></datafield><datafield ind1=' ' ind2=' ' tag='043'><subfield code='a'>n-cn---</subfield></datafield><datafield ind1=' ' ind2='4' tag='050'><subfield code='a'>HQ756</subfield><subfield code='b'>.F374 2012</subfield></datafield><datafield ind1='0' ind2='4' tag='082'><subfield code='a'>306.874/20971</subfield><subfield code='2'>23</subfield></datafield><datafield ind1='0' ind2='0' tag='245'><subfield code='a'>Father involvement in Canada :</subfield><subfield code='b'>diversity, renewal, and tranformation /</subfield><subfield code='c'>edited by Jessica Ball and Kerry Daly.</subfield></datafield><datafield ind1=' ' ind2=' ' tag='260'><subfield code='a'>Vancouver :</subfield><subfield code='b'>UBC Press,</subfield><subfield code='c'>2012.</subfield></datafield><datafield ind1=' ' ind2=' ' tag='300'><subfield code='a'>xvi, 250 p. :</subfield><subfield code='b'>ill. ;</subfield><subfield code='c'>24 cm.</subfield></datafield><datafield ind1=' ' ind2=' ' tag='504'><subfield code='a'>Includes bibliographical references and index.</subfield></datafield><datafield ind1=' ' ind2=' ' tag='530'><subfield code='a'>Also issued in electronic format.</subfield></datafield><datafield ind1='0' ind2=' ' tag='505'><subfield code='a'>pt. 1. Father involvement in Canada: a transformative approach / Jessica Ball and Kerry Daly -- Canadian fathers: demographic and socio-economic profiles from census and national surveys / Zenaida R. Ravanera and John Hoffman -- Fathers make a difference in their children&apos;s lives: a review of the research evidence / Sarah Allen, Kerry Daly, and Jessica Ball -- Feminist mothers researching fathering: advocates, contributors and dissenters / Andrea Doucet and Linda Hawkins -- pt. 2. Young fatherhood, generativity and men&apos;s development: travelling a two way street to maturity / Michael W. Pratt, Heather L. Lawford and James W. Allen -- Aboriginal fathers in Canada through time / Jessica Ball -- Short end of the stick: Fatherhood in the wake of separation and divorce / Denise L. whitehead and Nicholas Bala -- Fathering within child welfare / Susan Strega, Leslie Brown, Elizabeth Manning, Christopher Walmsley, Lena Dominelli, and Marilyn Callahan -- Experiences of fathers of a child with a chronic health condition: caregiving experiences and potential support interventions / John Beaton, David Nicholas, Ted McNeill, and Lisa Wenger -- pt. 3. Fathers and parental leave in Canada: policies and practices / Lindsey McKay, Katherine Marshall, and Andrea Doucet -- Looking forward: father involvement and changing forms of masculine care / Kerry Daly and Jessica Ball.</subfield></datafield><datafield ind1='8' ind2=' ' tag='520'><subfield code='a'>Father Involvement in Canada brings together almost two dozen leading scholars of fatherhood issues to examine the roles of Canadian fathers. They look at the experiences of fathers from many angles, considering different ages, ethnicities, marital statuses, gender partnering, and economic brackets, and examining issues such as the impact of poverty, access to paternity leave, and the availability of support from social institutions. By co-considering these dimensions and viewpoints, the contributors bring to light interlocking individual, familial, and socio-economic systems in which fathers are embedded. National in scope, Father Involvement in Canada is the first book to summarize and challenge current scholarship on Canadian fatherhood and offer new concepts, theoretical frameworks, and research directions. -- Book cover.</subfield></datafield><datafield ind1=' ' ind2='0' tag='650'><subfield code='a'>Fatherhood</subfield><subfield code='z'>Canada.</subfield></datafield><datafield ind1=' ' ind2='0' tag='650'><subfield code='a'>Fathers</subfield><subfield code='z'>Canada.</subfield></datafield><datafield ind1='1' ind2=' ' tag='700'><subfield code='a'>Daly, Kerry J.</subfield></datafield><datafield ind1='1' ind2=' ' tag='700'><subfield code='a'>Ball, Jessica,</subfield><subfield code='d'>1952-</subfield></datafield><datafield ind1='1' ind2=' ' tag='700'><subfield code='a'>Daly, Kerry J. E.</subfield><subfield code='q'>(Kerry Joseph Eugene)</subfield></datafield><datafield ind1='1' ind2=' ' tag='583'><subfield code='a'>committed to retain</subfield><subfield code='c'>20181001</subfield><subfield code='d'>in perpetuity</subfield><subfield code='f'>ReCAP Shared Collection</subfield><subfield code='5'>HUL</subfield><subfield code='8'>222157813310003941</subfield></datafield><datafield ind1='0' ind2=' ' tag='852'><subfield code='c'>HD</subfield><subfield code='h'>HQ756</subfield><subfield code='i'>.F374 2012</subfield><subfield code='0'>11582098</subfield><subfield code='b'>scsbhl</subfield></datafield><datafield ind1=' ' ind2=' ' tag='876'><subfield code='0'>11582098</subfield><subfield code='a'>17326170</subfield><subfield code='h'> </subfield><subfield code='j'>Available</subfield><subfield code='k'>WID</subfield><subfield code='p'>32044126821339</subfield><subfield code='x'>Shared</subfield><subfield code='z'>HW</subfield><subfield code='l'>HD</subfield></datafield></record>