
<record><leader>03602cjm a2200601Ii 4500</leader><controlfield tag='001'>SCSB-13974031</controlfield><controlfield tag='003'>NNC</controlfield><controlfield tag='005'>20230126105217.0</controlfield><controlfield tag='007'>sd fsngnnmmned</controlfield><controlfield tag='008'>160226p20162013it opn   iz       n ita d</controlfield><controlfield tag='009'>12830792</controlfield><datafield ind1='7' ind2=' ' tag='024'><subfield code='a'>08007144076764</subfield><subfield code='2'>gtin-14</subfield></datafield><datafield ind1='3' ind2=' ' tag='024'><subfield code='a'>8007144076764</subfield></datafield><datafield ind1='0' ind2='2' tag='028'><subfield code='a'>CDS 7676</subfield><subfield code='b'>Dynamic</subfield></datafield><datafield ind1=' ' ind2=' ' tag='035'><subfield code='a'>(OCoLC)ocn943716477</subfield></datafield><datafield ind1=' ' ind2=' ' tag='035'><subfield code='a'>(OCoLC)943716477</subfield></datafield><datafield ind1=' ' ind2=' ' tag='035'><subfield code='a'>(NNC)12830792</subfield></datafield><datafield ind1=' ' ind2=' ' tag='035'><subfield code='a'>12830792</subfield></datafield><datafield ind1=' ' ind2=' ' tag='040'><subfield code='a'>BTCTA</subfield><subfield code='b'>eng</subfield><subfield code='e'>rda</subfield><subfield code='c'>BTCTA</subfield><subfield code='d'>PAU</subfield><subfield code='d'>OCLCO</subfield><subfield code='d'>TDF</subfield><subfield code='d'>ZCU</subfield></datafield><datafield ind1='0' ind2=' ' tag='041'><subfield code='g'>ita</subfield><subfield code='g'>eng</subfield><subfield code='m'>ita</subfield></datafield><datafield ind1='1' ind2=' ' tag='100'><subfield code='a'>Verdi, Giuseppe,</subfield><subfield code='d'>1813-1901,</subfield><subfield code='e'>composer.</subfield><subfield code='4'>http://id.loc.gov/vocabulary/relators/cmp</subfield><subfield code='0'>http://id.loc.gov/authorities/names/n79038460</subfield></datafield><datafield ind1='1' ind2='0' tag='245'><subfield code='a'>Giovanna D&apos;Arco /</subfield><subfield code='c'>Giuseppe Verdi.</subfield></datafield><datafield ind1=' ' ind2='1' tag='264'><subfield code='a'>Genova, Italy :</subfield><subfield code='b'>Dynamic,</subfield><subfield code='c'>[2016]</subfield></datafield><datafield ind1=' ' ind2='4' tag='264'><subfield code='c'>© 2016,</subfield><subfield code='c'>℗ 2016</subfield></datafield><datafield ind1=' ' ind2=' ' tag='300'><subfield code='a'>2 audio discs (110 min., 48 sec.) :</subfield><subfield code='b'>digital ;</subfield><subfield code='c'>4 3/4 in.</subfield></datafield><datafield ind1=' ' ind2=' ' tag='306'><subfield code='a'>011048</subfield></datafield><datafield ind1=' ' ind2=' ' tag='336'><subfield code='a'>performed music</subfield><subfield code='b'>prm</subfield><subfield code='2'>rdacontent</subfield></datafield><datafield ind1=' ' ind2=' ' tag='337'><subfield code='a'>audio</subfield><subfield code='b'>s</subfield><subfield code='2'>rdamedia</subfield></datafield><datafield ind1=' ' ind2=' ' tag='338'><subfield code='a'>audio disc</subfield><subfield code='b'>sd</subfield><subfield code='2'>rdacarrier</subfield></datafield><datafield ind1=' ' ind2=' ' tag='344'><subfield code='a'>digital</subfield><subfield code='b'>optical</subfield><subfield code='c'>1.4 m/s</subfield><subfield code='2'>rda</subfield></datafield><datafield ind1=' ' ind2=' ' tag='347'><subfield code='a'>audio file</subfield><subfield code='b'>CD audio</subfield><subfield code='2'>rda</subfield></datafield><datafield ind1=' ' ind2=' ' tag='500'><subfield code='a'>Opera in one prologue and three acts.</subfield></datafield><datafield ind1=' ' ind2=' ' tag='500'><subfield code='a'>Title from disc label.</subfield></datafield><datafield ind1=' ' ind2=' ' tag='500'><subfield code='a'>Libretto by Temistocle Solera, freely adapted from Friedrich Schiller&apos;s five-act romantic tragedy Die Jungfrau von Orléans.</subfield></datafield><datafield ind1=' ' ind2=' ' tag='546'><subfield code='a'>Sung in Italian.</subfield></datafield><datafield ind1='0' ind2=' ' tag='511'><subfield code='a'>Jessica Pratt (Giovanna) ; Jean-François Borras (Carlo VII) ; Julian Kim (Giacomo) ; Roberto Cervellera (Delil) ; Emanuele Cordaro (Talbot) ; Chorus of the Teatro Petruzzelli di Bari ; Franco Sebastiani, chorus master ; Orchestra Internazionale d&apos;Italia ; Riccardo Frizza, conductor.</subfield></datafield><datafield ind1=' ' ind2=' ' tag='518'><subfield code='o'>Recorded</subfield><subfield code='d'>2013 July 28th and 31st</subfield><subfield code='p'>Palazzo Ducale, Martina Franca.</subfield></datafield><datafield ind1=' ' ind2=' ' tag='500'><subfield code='a'>Program notes in Italian with English translation (11 pages) inserted in container.</subfield></datafield><datafield ind1=' ' ind2='0' tag='650'><subfield code='a'>Operas.</subfield><subfield code='0'>http://id.loc.gov/authorities/subjects/sh85094914</subfield></datafield><datafield ind1='0' ind2='0' tag='600'><subfield code='a'>Joan,</subfield><subfield code='c'>of Arc, Saint,</subfield><subfield code='d'>1412-1431</subfield><subfield code='v'>Drama.</subfield></datafield><datafield ind1=' ' ind2='7' tag='650'><subfield code='a'>Operas.</subfield><subfield code='2'>fast</subfield><subfield code='0'>(OCoLC)fst01046191</subfield></datafield><datafield ind1=' ' ind2='7' tag='655'><subfield code='a'>Operas.</subfield><subfield code='2'>lcgft</subfield><subfield code='0'>http://id.loc.gov/authorities/genreForms/gf2014026976</subfield></datafield><datafield ind1='1' ind2=' ' tag='700'><subfield code='a'>Solera, Temistocle,</subfield><subfield code='d'>1815-1878,</subfield><subfield code='e'>librettist.</subfield><subfield code='4'>http://id.loc.gov/vocabulary/relators/lbt</subfield><subfield code='0'>http://id.loc.gov/authorities/names/n82006554</subfield></datafield><datafield ind1='1' ind2=' ' tag='700'><subfield code='a'>Pratt, Jessica,</subfield><subfield code='e'>singer.</subfield><subfield code='4'>http://id.loc.gov/vocabulary/relators/sng</subfield><subfield code='0'>http://id.loc.gov/authorities/names/no2011050889</subfield></datafield><datafield ind1='1' ind2=' ' tag='700'><subfield code='a'>Borras, Jean-François,</subfield><subfield code='e'>singer.</subfield><subfield code='4'>http://id.loc.gov/vocabulary/relators/sng</subfield><subfield code='0'>http://id.loc.gov/authorities/names/no2008175802</subfield></datafield><datafield ind1='1' ind2=' ' tag='700'><subfield code='a'>Cervellera, Roberto,</subfield><subfield code='e'>singer.</subfield><subfield code='4'>http://id.loc.gov/vocabulary/relators/sng</subfield><subfield code='0'>http://id.loc.gov/authorities/names/no2017113665</subfield></datafield><datafield ind1='1' ind2=' ' tag='700'><subfield code='a'>Kim, Julian,</subfield><subfield code='e'>singer.</subfield><subfield code='4'>http://id.loc.gov/vocabulary/relators/sng</subfield><subfield code='0'>http://id.loc.gov/authorities/names/no2016082056</subfield></datafield><datafield ind1='1' ind2=' ' tag='700'><subfield code='a'>Cordaro, Emanuele,</subfield><subfield code='d'>1987-</subfield><subfield code='e'>singer.</subfield><subfield code='4'>http://id.loc.gov/vocabulary/relators/sng</subfield><subfield code='0'>http://id.loc.gov/authorities/names/no2017113448</subfield></datafield><datafield ind1='1' ind2=' ' tag='700'><subfield code='a'>Frizza, Riccardo,</subfield><subfield code='d'>1971-</subfield><subfield code='e'>conductor.</subfield><subfield code='4'>http://id.loc.gov/vocabulary/relators/cnd</subfield><subfield code='0'>http://id.loc.gov/authorities/names/no2004001708</subfield></datafield><datafield ind1='1' ind2=' ' tag='700'><subfield code='i'>Based on:</subfield><subfield code='a'>Schiller, Friedrich,</subfield><subfield code='d'>1759-1805.</subfield><subfield code='t'>Jungfrau von Orleans.</subfield><subfield code='0'>http://id.loc.gov/authorities/names/no2006057316</subfield></datafield><datafield ind1='2' ind2=' ' tag='710'><subfield code='a'>Teatro Petruzzelli.</subfield><subfield code='b'>Coro,</subfield><subfield code='e'>singer.</subfield><subfield code='4'>http://id.loc.gov/vocabulary/relators/sng</subfield><subfield code='0'>http://id.loc.gov/authorities/names/no97052731</subfield></datafield><datafield ind1='2' ind2=' ' tag='710'><subfield code='a'>Orchestra internazionale d&apos;Italia,</subfield><subfield code='e'>instrumentalist.</subfield><subfield code='4'>http://id.loc.gov/vocabulary/relators/itr</subfield><subfield code='0'>http://id.loc.gov/authorities/names/no2003087703</subfield></datafield><datafield ind1='8' ind2='0' tag='852'><subfield code='h'>CD30011</subfield><subfield code='0'>14901948</subfield><subfield code='b'>scsbcul</subfield></datafield><datafield ind1=' ' ind2=' ' tag='876'><subfield code='0'>14901948</subfield><subfield code='a'>21356267</subfield><subfield code='h'>In Library Use</subfield><subfield code='j'>Available</subfield><subfield code='p'>MR75592886</subfield><subfield code='t'>1</subfield><subfield code='x'>Open</subfield><subfield code='z'>MR</subfield><subfield code='l'>RECAP</subfield></datafield></record>