
<record><leader>03119cjm a2200529Ia 4500</leader><controlfield tag='001'>SCSB-13613947</controlfield><controlfield tag='003'>NNC</controlfield><controlfield tag='005'>20230118194027.0</controlfield><controlfield tag='007'>sd fungnnmmned</controlfield><controlfield tag='008'>120409p20122009cc opn   efi      n ita d</controlfield><controlfield tag='009'>9510311</controlfield><datafield ind1='1' ind2='0' tag='024'><subfield code='a'>730099029575</subfield></datafield><datafield ind1='0' ind2='2' tag='028'><subfield code='a'>8.660295-96</subfield><subfield code='b'>Naxos</subfield></datafield><datafield ind1='0' ind2='2' tag='028'><subfield code='a'>8.660295--8.660296</subfield><subfield code='b'>Naxos</subfield></datafield><datafield ind1=' ' ind2=' ' tag='035'><subfield code='a'>(OCoLC)ocn785326237</subfield></datafield><datafield ind1=' ' ind2=' ' tag='035'><subfield code='a'>(OCoLC)785326237</subfield></datafield><datafield ind1=' ' ind2=' ' tag='035'><subfield code='a'>(NNC)9510311</subfield></datafield><datafield ind1=' ' ind2=' ' tag='035'><subfield code='a'>9510311</subfield></datafield><datafield ind1=' ' ind2=' ' tag='040'><subfield code='a'>TDF</subfield><subfield code='c'>TDF</subfield><subfield code='d'>CIN</subfield></datafield><datafield ind1='0' ind2=' ' tag='041'><subfield code='d'>ita</subfield><subfield code='g'>eng</subfield></datafield><datafield ind1='1' ind2=' ' tag='100'><subfield code='a'>Vaccai, Nicola,</subfield><subfield code='d'>1790-1848.</subfield><subfield code='0'>http://id.loc.gov/authorities/names/no88004384</subfield></datafield><datafield ind1='1' ind2='3' tag='245'><subfield code='a'>La sposa di Messina /</subfield><subfield code='c'>Vaccaj.</subfield></datafield><datafield ind1=' ' ind2=' ' tag='260'><subfield code='a'>[Hong Kong] :</subfield><subfield code='b'>Naxos,</subfield><subfield code='c'>[2012], ℗2012.</subfield></datafield><datafield ind1=' ' ind2=' ' tag='300'><subfield code='a'>2 audio discs (104 min.) :</subfield><subfield code='b'>digital ;</subfield><subfield code='c'>4 3/4 in.</subfield></datafield><datafield ind1=' ' ind2=' ' tag='306'><subfield code='a'>014331</subfield></datafield><datafield ind1=' ' ind2=' ' tag='336'><subfield code='a'>performed music</subfield><subfield code='b'>prm</subfield><subfield code='2'>rdacontent</subfield></datafield><datafield ind1=' ' ind2=' ' tag='337'><subfield code='a'>audio</subfield><subfield code='b'>s</subfield><subfield code='2'>rdamedia</subfield></datafield><datafield ind1='1' ind2=' ' tag='490'><subfield code='a'>Opera classics</subfield></datafield><datafield ind1=' ' ind2=' ' tag='500'><subfield code='a'>Melodramma in 2 acts by Jacopo Cabianca, after Friedrich Schiller&apos;s Die Braut von Messina.</subfield></datafield><datafield ind1=' ' ind2=' ' tag='546'><subfield code='a'>Sung in Italian.</subfield></datafield><datafield ind1='0' ind2=' ' tag='511'><subfield code='a'>Jessica Pratt, soprano ; Wakako Ono, mezzo-soprano ; Filippo Adami, tenor ; Armando Ariostini, baritone ; Maurizio Lo Piccolo, bass ; Classica Chamber Choir, Brno ; Virtuosi Brunensis ; Antonio Fogliani, conductor.</subfield></datafield><datafield ind1=' ' ind2=' ' tag='518'><subfield code='a'>Recorded in performance July 15-18, 2009, Kursaal, Bad Wildbad, Germany, for the 21st Rossini in Wildbad Festival.</subfield></datafield><datafield ind1=' ' ind2=' ' tag='500'><subfield code='a'>Compact discs.</subfield></datafield><datafield ind1=' ' ind2=' ' tag='500'><subfield code='a'>Program and biographical notes and synopsis in English inserted (12 p. : ports.) inserted in container. Libretto with English translation available online: http://www.naxos.com/libretti/660295.htm</subfield></datafield><datafield ind1=' ' ind2='0' tag='650'><subfield code='a'>Operas.</subfield><subfield code='0'>http://id.loc.gov/authorities/subjects/sh85094914</subfield></datafield><datafield ind1='1' ind2=' ' tag='700'><subfield code='a'>Schiller, Friedrich,</subfield><subfield code='d'>1759-1805.</subfield><subfield code='t'>Braut von Messina.</subfield><subfield code='0'>http://id.loc.gov/authorities/names/n79111541</subfield></datafield><datafield ind1='1' ind2=' ' tag='700'><subfield code='a'>Cabianca, Jacopo,</subfield><subfield code='d'>1809-1879,</subfield><subfield code='e'>librettist.</subfield><subfield code='4'>http://id.loc.gov/vocabulary/relators/lbt</subfield></datafield><datafield ind1='1' ind2=' ' tag='700'><subfield code='a'>Pratt, Jessica,</subfield><subfield code='e'>performer.</subfield><subfield code='4'>http://id.loc.gov/vocabulary/relators/prf</subfield><subfield code='0'>http://id.loc.gov/authorities/names/no2011050889</subfield></datafield><datafield ind1='1' ind2=' ' tag='700'><subfield code='a'>Ono, Wakako,</subfield><subfield code='e'>performer.</subfield><subfield code='4'>http://id.loc.gov/vocabulary/relators/prf</subfield><subfield code='0'>http://id.loc.gov/authorities/names/no2014010329</subfield></datafield><datafield ind1='1' ind2=' ' tag='700'><subfield code='a'>Adami, Filippo,</subfield><subfield code='d'>1980-</subfield><subfield code='e'>performer.</subfield><subfield code='4'>http://id.loc.gov/vocabulary/relators/prf</subfield><subfield code='0'>http://id.loc.gov/authorities/names/no2006078586</subfield></datafield><datafield ind1='1' ind2=' ' tag='700'><subfield code='a'>Ariostini, Armando,</subfield><subfield code='e'>performer.</subfield><subfield code='4'>http://id.loc.gov/vocabulary/relators/prf</subfield><subfield code='0'>http://id.loc.gov/authorities/names/n87151562</subfield></datafield><datafield ind1='1' ind2=' ' tag='700'><subfield code='a'>Lo Piccolo, Maurizio,</subfield><subfield code='e'>performer.</subfield><subfield code='4'>http://id.loc.gov/vocabulary/relators/prf</subfield><subfield code='0'>http://id.loc.gov/authorities/names/no2008015674</subfield></datafield><datafield ind1='1' ind2=' ' tag='700'><subfield code='a'>Fogliani, Antonino,</subfield><subfield code='e'>conductor.</subfield><subfield code='4'>http://id.loc.gov/vocabulary/relators/cnd</subfield><subfield code='0'>http://id.loc.gov/authorities/names/no2005114992</subfield></datafield><datafield ind1='2' ind2=' ' tag='710'><subfield code='a'>Classica Chamber Choir, Brno,</subfield><subfield code='e'>performer.</subfield><subfield code='4'>http://id.loc.gov/vocabulary/relators/prf</subfield><subfield code='0'>http://id.loc.gov/authorities/names/no2014009323</subfield></datafield><datafield ind1='2' ind2=' ' tag='710'><subfield code='a'>Virtuosi Brunensis,</subfield><subfield code='e'>performer.</subfield><subfield code='4'>http://id.loc.gov/vocabulary/relators/prf</subfield><subfield code='0'>http://id.loc.gov/authorities/names/no2011162325</subfield></datafield><datafield ind1=' ' ind2='0' tag='830'><subfield code='a'>Opera classics.</subfield></datafield><datafield ind1='8' ind2='0' tag='852'><subfield code='h'>CD21974</subfield><subfield code='0'>14519102</subfield><subfield code='b'>scsbcul</subfield></datafield><datafield ind1=' ' ind2=' ' tag='876'><subfield code='0'>14519102</subfield><subfield code='a'>20876956</subfield><subfield code='h'>In Library Use</subfield><subfield code='j'>Available</subfield><subfield code='p'>MR75513617</subfield><subfield code='t'>1</subfield><subfield code='x'>Open</subfield><subfield code='z'>MR</subfield><subfield code='l'>RECAP</subfield></datafield></record>