
<record><leader>02804cjm a2200553Ii 4500</leader><controlfield tag='001'>SCSB-13989509</controlfield><controlfield tag='003'>NNC</controlfield><controlfield tag='005'>20230126163109.0</controlfield><controlfield tag='007'>sd fsngnnmmned</controlfield><controlfield tag='008'>180403p20172016it opn            n ita d</controlfield><controlfield tag='009'>13516875</controlfield><datafield ind1='3' ind2=' ' tag='024'><subfield code='a'>8007144077570</subfield></datafield><datafield ind1='0' ind2='2' tag='028'><subfield code='a'>CDS7757.02</subfield><subfield code='b'>Dynamic</subfield></datafield><datafield ind1=' ' ind2=' ' tag='035'><subfield code='a'>(OCoLC)on1030335662</subfield></datafield><datafield ind1=' ' ind2=' ' tag='035'><subfield code='a'>(OCoLC)1030335662</subfield></datafield><datafield ind1=' ' ind2=' ' tag='035'><subfield code='a'>(NNC)13516875</subfield></datafield><datafield ind1=' ' ind2=' ' tag='035'><subfield code='a'>13516875</subfield></datafield><datafield ind1=' ' ind2=' ' tag='037'><subfield code='b'>Midwest Tape</subfield><subfield code='n'>http://www.midwesttapes.com</subfield></datafield><datafield ind1=' ' ind2=' ' tag='040'><subfield code='a'>TEFMT</subfield><subfield code='b'>eng</subfield><subfield code='e'>rda</subfield><subfield code='c'>TEFMT</subfield><subfield code='d'>TEF</subfield><subfield code='d'>OCLCF</subfield><subfield code='d'>ZYU</subfield><subfield code='d'>NNC</subfield></datafield><datafield ind1=' ' ind2='4' tag='050'><subfield code='a'>M1500.D66</subfield><subfield code='b'>R67 2017</subfield></datafield><datafield ind1='0' ind2='4' tag='082'><subfield code='a'>782.1</subfield><subfield code='2'>23</subfield></datafield><datafield ind1='1' ind2=' ' tag='100'><subfield code='a'>Donizetti, Gaetano,</subfield><subfield code='d'>1797-1848,</subfield><subfield code='e'>composer.</subfield><subfield code='4'>http://id.loc.gov/vocabulary/relators/cmp</subfield><subfield code='0'>http://id.loc.gov/authorities/names/n79132358</subfield></datafield><datafield ind1='1' ind2='0' tag='245'><subfield code='a'>Rosmonda d&apos;Inghilterra /</subfield><subfield code='c'>Donizetti.</subfield></datafield><datafield ind1=' ' ind2='1' tag='264'><subfield code='a'>Genova, Italy :</subfield><subfield code='b'>Dynamic,</subfield><subfield code='c'>[2017]</subfield></datafield><datafield ind1=' ' ind2=' ' tag='300'><subfield code='a'>2 audio discs :</subfield><subfield code='b'>CD audio, digital ;</subfield><subfield code='c'>4 3/4 in.</subfield></datafield><datafield ind1=' ' ind2=' ' tag='336'><subfield code='a'>performed music</subfield><subfield code='b'>prm</subfield><subfield code='2'>rdacontent</subfield></datafield><datafield ind1=' ' ind2=' ' tag='337'><subfield code='a'>audio</subfield><subfield code='b'>s</subfield><subfield code='2'>rdamedia</subfield></datafield><datafield ind1=' ' ind2=' ' tag='338'><subfield code='a'>audio disc</subfield><subfield code='b'>sd</subfield><subfield code='2'>rdacarrier</subfield></datafield><datafield ind1=' ' ind2=' ' tag='344'><subfield code='a'>digital</subfield><subfield code='b'>optical</subfield><subfield code='2'>rda</subfield></datafield><datafield ind1=' ' ind2=' ' tag='347'><subfield code='a'>audio file</subfield><subfield code='2'>rda</subfield></datafield><datafield ind1=' ' ind2=' ' tag='347'><subfield code='b'>CD audio</subfield></datafield><datafield ind1=' ' ind2=' ' tag='380'><subfield code='a'>Opera</subfield></datafield><datafield ind1=' ' ind2=' ' tag='500'><subfield code='a'>Opera in two acts; libretto by Felice Romani.</subfield></datafield><datafield ind1=' ' ind2=' ' tag='546'><subfield code='a'>Sung in Italian.</subfield></datafield><datafield ind1=' ' ind2=' ' tag='500'><subfield code='a'>Title from disc label.</subfield></datafield><datafield ind1='0' ind2=' ' tag='511'><subfield code='a'>Jessica Pratt, Rosmonda ; Eva Mei, Leonora ; Dario Schmunck, Enrico ; Nicola Ulivieri, Clifford ; Raffaella Lupinacci, Arturo ; Orchestra and Chorus Donizetti Opera ; Sebastiano Rolli, conductor.</subfield></datafield><datafield ind1=' ' ind2=' ' tag='518'><subfield code='o'>Recorded</subfield><subfield code='d'>2016 November</subfield><subfield code='p'>Teatro Donizetti di Bergamo.</subfield></datafield><datafield ind1=' ' ind2=' ' tag='500'><subfield code='a'>Compact discs.</subfield></datafield><datafield ind1=' ' ind2='0' tag='650'><subfield code='a'>Operas.</subfield><subfield code='0'>http://id.loc.gov/authorities/subjects/sh85094914</subfield></datafield><datafield ind1=' ' ind2='7' tag='650'><subfield code='a'>Operas.</subfield><subfield code='2'>fast</subfield><subfield code='0'>(OCoLC)fst01046191</subfield></datafield><datafield ind1='1' ind2=' ' tag='700'><subfield code='a'>Romani, Felice,</subfield><subfield code='d'>1788-1865,</subfield><subfield code='e'>librettist.</subfield><subfield code='4'>http://id.loc.gov/vocabulary/relators/lbt</subfield><subfield code='0'>http://id.loc.gov/authorities/names/n81017908</subfield></datafield><datafield ind1='1' ind2=' ' tag='700'><subfield code='a'>Pratt, Jessica,</subfield><subfield code='e'>singer.</subfield><subfield code='4'>http://id.loc.gov/vocabulary/relators/sng</subfield><subfield code='0'>http://id.loc.gov/authorities/names/no2011050889</subfield></datafield><datafield ind1='1' ind2=' ' tag='700'><subfield code='a'>Mei, Eva,</subfield><subfield code='e'>singer.</subfield><subfield code='4'>http://id.loc.gov/vocabulary/relators/sng</subfield><subfield code='0'>http://id.loc.gov/authorities/names/no95053719</subfield></datafield><datafield ind1='1' ind2=' ' tag='700'><subfield code='a'>Schmunck, Dario,</subfield><subfield code='e'>singer.</subfield><subfield code='4'>http://id.loc.gov/vocabulary/relators/sng</subfield><subfield code='0'>http://id.loc.gov/authorities/names/no2004047115</subfield></datafield><datafield ind1='1' ind2=' ' tag='700'><subfield code='a'>Ulivieri, Nicola,</subfield><subfield code='e'>singer.</subfield><subfield code='4'>http://id.loc.gov/vocabulary/relators/sng</subfield><subfield code='0'>http://id.loc.gov/authorities/names/no2002026428</subfield></datafield><datafield ind1='1' ind2=' ' tag='700'><subfield code='a'>Lupinacci, Raffaella,</subfield><subfield code='d'>1984-</subfield><subfield code='e'>singer.</subfield><subfield code='4'>http://id.loc.gov/vocabulary/relators/sng</subfield><subfield code='0'>http://id.loc.gov/authorities/names/no2016013683</subfield></datafield><datafield ind1='1' ind2=' ' tag='700'><subfield code='a'>Rolli, Sebastiano,</subfield><subfield code='d'>1975-</subfield><subfield code='e'>conductor.</subfield><subfield code='4'>http://id.loc.gov/vocabulary/relators/cnd</subfield><subfield code='0'>http://id.loc.gov/authorities/names/no2003106282</subfield></datafield><datafield ind1='2' ind2=' ' tag='710'><subfield code='a'>Donizetti Opera,</subfield><subfield code='e'>performer.</subfield><subfield code='4'>http://id.loc.gov/vocabulary/relators/prf</subfield></datafield><datafield ind1='8' ind2='0' tag='852'><subfield code='h'>CD30938</subfield><subfield code='0'>14923721</subfield><subfield code='b'>scsbcul</subfield></datafield><datafield ind1=' ' ind2=' ' tag='876'><subfield code='0'>14923721</subfield><subfield code='a'>21380506</subfield><subfield code='h'>In Library Use</subfield><subfield code='j'>Available</subfield><subfield code='p'>MR75602741</subfield><subfield code='t'>1</subfield><subfield code='x'>Open</subfield><subfield code='z'>MR</subfield><subfield code='l'>RECAP</subfield></datafield></record>