
<record><leader>00000nam a22003258i 4500</leader><controlfield tag='001'>SCSB-10533330</controlfield><controlfield tag='005'>20140620185255.0</controlfield><controlfield tag='008'>140210s2014    ne ab    b    100 0 eng  </controlfield><controlfield tag='009'>990139821280203941</controlfield><datafield ind1=' ' ind2=' ' tag='010'><subfield code='a'>^^2013049491</subfield></datafield><datafield ind1=' ' ind2=' ' tag='020'><subfield code='a'>9789004267909 (pbk. : alk. paper)</subfield></datafield><datafield ind1=' ' ind2=' ' tag='020'><subfield code='z'>9789004269729 (e-book)</subfield></datafield><datafield ind1=' ' ind2=' ' tag='035'><subfield code='a'>(OCoLC)870335317</subfield></datafield><datafield ind1=' ' ind2=' ' tag='040'><subfield code='a'>DLC</subfield><subfield code='b'>eng</subfield><subfield code='e'>rda</subfield><subfield code='c'>DLC</subfield></datafield><datafield ind1=' ' ind2=' ' tag='042'><subfield code='a'>pcc</subfield></datafield><datafield ind1=' ' ind2=' ' tag='043'><subfield code='a'>d------</subfield></datafield><datafield ind1='0' ind2='0' tag='050'><subfield code='a'>HC59.7</subfield><subfield code='b'>.D39194 2014</subfield></datafield><datafield ind1='0' ind2='0' tag='082'><subfield code='a'>330.9172/4</subfield><subfield code='2'>23</subfield></datafield><datafield ind1='0' ind2='0' tag='245'><subfield code='a'>Development and equity :</subfield><subfield code='b'>an interdisciplinary exploration by ten scholars from Africa, Asia and Latin America /</subfield><subfield code='c'>with a foreword by her majesty Queen Máxima of the Netherlands ; edited by Dick Foeken, Ton Dietz, Leo de Haan, Linda Johnson.</subfield></datafield><datafield ind1=' ' ind2='1' tag='264'><subfield code='a'>Leiden ;</subfield><subfield code='a'>Boston :</subfield><subfield code='b'>Brill,</subfield><subfield code='c'>2014.</subfield></datafield><datafield ind1=' ' ind2=' ' tag='300'><subfield code='a'>246 pages :</subfield><subfield code='b'>illustrations (some color), maps ;</subfield><subfield code='c'>24 cm</subfield></datafield><datafield ind1=' ' ind2=' ' tag='336'><subfield code='a'>text</subfield><subfield code='b'>txt</subfield><subfield code='2'>rdacontent</subfield></datafield><datafield ind1=' ' ind2=' ' tag='337'><subfield code='a'>unmediated</subfield><subfield code='b'>n</subfield><subfield code='2'>rdamedia</subfield></datafield><datafield ind1=' ' ind2=' ' tag='338'><subfield code='a'>volume</subfield><subfield code='b'>nc</subfield><subfield code='2'>rdacarrier</subfield></datafield><datafield ind1=' ' ind2=' ' tag='500'><subfield code='a'>Conference proceedings ; book in celebration of the Tenth Anniversary of the Prince Claus Chair in Development and Equity.</subfield></datafield><datafield ind1='0' ind2=' ' tag='505'><subfield code='a'>Foreword : Development happens from the inside / Her Majesty Queen Máxima -- Preface: the Prince Claus Chair in Development and Equity / The editors -- List of maps, figures, tables, photos and boxes -- Development and equity-introduction to the lustrum conference of the Prince Claus Chair in Development and Equity / Leo de Haan, Ton Dietz &amp; Dick Foeken -- A fresh perspective on economics and equity / Syed Mansoob Murshed -- &quot;Waithood&quot; : youth transitions and social change / Alcinda Honwana -- Beyond survival : militarism, equity and women&apos;s security / Amina Mama -- Development, equity, gender, health, poverty and militarization : is there a link in the countries of West Africa? / Irene Akua Agyepong -- The right to stay home : equity and the struggle of migrant indigenous peoples / Gaspar Rivera-Salgado -- Towards a territorial, multi-actor and multi-level approach for sustainable development cooperation and social responsibility policies / Patricia Almeida Ashley -- Gender equality and Muslim women : negotiating expanded rights in Muslim majority and immigrant contexts / Rema Hammami -- Identities and access to energy : a case from India / Atul Kumar -- Gender equity and governance in Pakistan : looking through Leventhal&apos;s concept of organizational justice / Nasira Jabeen -- Looking through the leventhal lens : is gender equity in the Philippines a puzzle? / Stella Quimbo -- Bargaining positions and trust in Ethiopian coffee cooperatives : a gender perspective / Annemarie Groot Kormelinck -- The right to development : can states be held responsible? / Nienke van der Have -- Responsible business practices of Dutch enterprises in Kenyan agri-business / Lisanne Heemskerk -- Appendix.</subfield></datafield><datafield ind1=' ' ind2='0' tag='651'><subfield code='a'>Developing countries</subfield><subfield code='x'>Economic conditions</subfield><subfield code='v'>Congresses.</subfield></datafield><datafield ind1=' ' ind2='0' tag='650'><subfield code='a'>Income distribution</subfield><subfield code='z'>Developing countries</subfield><subfield code='v'>Congresses.</subfield></datafield><datafield ind1=' ' ind2='0' tag='650'><subfield code='a'>Sex role</subfield><subfield code='z'>Developing countries</subfield><subfield code='v'>Congresses.</subfield></datafield><datafield ind1=' ' ind2='7' tag='655'><subfield code='a'>Conference papers and proceedings</subfield><subfield code='2'>fast</subfield></datafield><datafield ind1='0' ind2=' ' tag='700'><subfield code='a'>Máxima,</subfield><subfield code='c'>Queen, consort of Willem-Alexander, King of the Netherlands,</subfield><subfield code='d'>1971-</subfield></datafield><datafield ind1='1' ind2=' ' tag='700'><subfield code='a'>Foeken, D.</subfield><subfield code='e'>editor.</subfield></datafield><datafield ind1='1' ind2=' ' tag='700'><subfield code='a'>Foeken, D.,</subfield><subfield code='e'>editor.</subfield></datafield><datafield ind1='1' ind2=' ' tag='583'><subfield code='a'>committed to retain</subfield><subfield code='c'>20181001</subfield><subfield code='d'>in perpetuity</subfield><subfield code='f'>ReCAP Shared Collection</subfield><subfield code='5'>HUL</subfield><subfield code='8'>222165551430003941</subfield></datafield><datafield ind1='0' ind2=' ' tag='852'><subfield code='c'>HD</subfield><subfield code='h'>HC59.7</subfield><subfield code='i'>.D39194 2014</subfield><subfield code='0'>11315571</subfield><subfield code='b'>scsbhl</subfield></datafield><datafield ind1=' ' ind2=' ' tag='876'><subfield code='0'>11315571</subfield><subfield code='a'>17048693</subfield><subfield code='h'> </subfield><subfield code='j'>Available</subfield><subfield code='k'>WID</subfield><subfield code='p'>32044131649097</subfield><subfield code='x'>Shared</subfield><subfield code='z'>HW</subfield><subfield code='l'>HD</subfield></datafield></record>