
<record><leader>02703cam a2200409 i 4500</leader><controlfield tag='001'>SCSB-14428610</controlfield><controlfield tag='003'>NNC</controlfield><controlfield tag='005'>20240626190437.0</controlfield><controlfield tag='008'>220826s2021    ne a     c    000 0 eng d</controlfield><controlfield tag='009'>16752425</controlfield><datafield ind1=' ' ind2=' ' tag='020'><subfield code='a'>9789080430006</subfield></datafield><datafield ind1=' ' ind2=' ' tag='020'><subfield code='a'>9080430005</subfield></datafield><datafield ind1=' ' ind2=' ' tag='035'><subfield code='a'>(OCoLC)on1344291633</subfield></datafield><datafield ind1=' ' ind2=' ' tag='035'><subfield code='a'>(OCoLC)1344291633</subfield></datafield><datafield ind1=' ' ind2=' ' tag='035'><subfield code='a'>16752425</subfield></datafield><datafield ind1=' ' ind2=' ' tag='040'><subfield code='a'>ERASA</subfield><subfield code='b'>eng</subfield><subfield code='e'>rda</subfield><subfield code='c'>ERASA</subfield><subfield code='d'>JPG</subfield><subfield code='d'>NNC</subfield></datafield><datafield ind1=' ' ind2=' ' tag='049'><subfield code='a'>ZCUA</subfield></datafield><datafield ind1=' ' ind2='4' tag='050'><subfield code='a'>N7359.K56</subfield><subfield code='b'>A4 2021</subfield></datafield><datafield ind1='0' ind2='4' tag='082'><subfield code='a'>700.411</subfield></datafield><datafield ind1='0' ind2='0' tag='245'><subfield code='a'>We don&apos;t care if you didn&apos;t notice us :</subfield><subfield code='b'>Ryo Kinoshita /</subfield><subfield code='c'>text, Miriam Bettin ; editor, Nick Terra.</subfield></datafield><datafield ind1='3' ind2='0' tag='246'><subfield code='a'>Ryo Kinoshita</subfield></datafield><datafield ind1=' ' ind2='1' tag='264'><subfield code='a'>Amsterdam :</subfield><subfield code='b'>Galerie Fons Welters,</subfield><subfield code='c'>2021.</subfield></datafield><datafield ind1=' ' ind2=' ' tag='300'><subfield code='a'>47 pages :</subfield><subfield code='b'>color illustrations ;</subfield><subfield code='c'>30 cm</subfield></datafield><datafield ind1=' ' ind2=' ' tag='336'><subfield code='a'>still image</subfield><subfield code='b'>sti</subfield><subfield code='2'>rdacontent</subfield></datafield><datafield ind1=' ' ind2=' ' tag='336'><subfield code='a'>text</subfield><subfield code='b'>txt</subfield><subfield code='2'>rdacontent</subfield></datafield><datafield ind1=' ' ind2=' ' tag='337'><subfield code='a'>unmediated</subfield><subfield code='b'>n</subfield><subfield code='2'>rdamedia</subfield></datafield><datafield ind1=' ' ind2=' ' tag='338'><subfield code='a'>volume</subfield><subfield code='b'>nc</subfield><subfield code='2'>rdacarrier</subfield></datafield><datafield ind1=' ' ind2=' ' tag='500'><subfield code='a'>Cover title.</subfield></datafield><datafield ind1=' ' ind2=' ' tag='500'><subfield code='a'>Catalog of an exhibition held at Galerie Fons Welters, Amsterdam, February 27-April 24, 2021.</subfield></datafield><datafield ind1='8' ind2=' ' tag='520'><subfield code='a'>In his practice, Ryo Kinoshita focuses on the qualities of painting by investigating its materiality and relation to sculpture. The difference between the two classical painting carriers paper and canvas form a starting point, leading to the understanding that the structure of the canvas fabric, as opposed to dense paper, is permeated with gaps. It is this permeability that opened up the medium of painting for Kinoshita. In his painting process, the sensory, and more specifically the haptic quality of the material consequently plays a central role.0Kinoshita?s recent attention for the significance of the painting carrier influenced his perception of the material. His interest shifted from the material applied to the canvas, to the canvas itself, perceiving the canvas not just as a surface but rather as a porous layer through which the colours can move from front to back and vice versa. This movement connects the space in front of the work with the space behind it, extending the painting into the sculptural.00Exhibition: Galerie Fons Welters, Amsterdam, The Netherlands (27.02. - 24.04.2021).</subfield></datafield><datafield ind1='1' ind2='0' tag='600'><subfield code='a'>Kinoshita, Ryo,</subfield><subfield code='d'>1985-</subfield><subfield code='v'>Exhibitions.</subfield></datafield><datafield ind1='1' ind2=' ' tag='700'><subfield code='a'>Kinoshita, Ryo,</subfield><subfield code='d'>1985-</subfield></datafield><datafield ind1='1' ind2=' ' tag='700'><subfield code='a'>Bettin, Miriam,</subfield><subfield code='e'>writer of added commentary.</subfield><subfield code='4'>http://id.loc.gov/vocabulary/relators/wac</subfield><subfield code='0'>http://id.loc.gov/authorities/names/no2019102628</subfield></datafield><datafield ind1='1' ind2=' ' tag='700'><subfield code='a'>Terra, Nick,</subfield><subfield code='e'>editor.</subfield><subfield code='4'>http://id.loc.gov/vocabulary/relators/edt</subfield></datafield><datafield ind1='2' ind2=' ' tag='710'><subfield code='a'>Galerie Fons Welters,</subfield><subfield code='e'>host institution.</subfield><subfield code='4'>http://id.loc.gov/vocabulary/relators/his</subfield><subfield code='0'>http://id.loc.gov/authorities/names/no2009118567</subfield></datafield><datafield ind1=' ' ind2=' ' tag='901'><subfield code='a'>ab79d282-9cf2-4131-825a-82b07420d358</subfield><subfield code='b'>25</subfield><subfield code='c'>false</subfield></datafield><datafield ind1='0' ind2='0' tag='852'><subfield code='h'>N7359.K545 A4 2021g</subfield><subfield code='0'>15394008</subfield><subfield code='b'>scsbcul</subfield></datafield><datafield ind1=' ' ind2=' ' tag='876'><subfield code='0'>15394008</subfield><subfield code='a'>21953018</subfield><subfield code='h'>In Library Use</subfield><subfield code='j'>Available</subfield><subfield code='p'>AR01608487</subfield><subfield code='t'>1</subfield><subfield code='x'>Shared</subfield><subfield code='z'>AR</subfield><subfield code='l'>RECAP</subfield></datafield></record>