
<record><leader>01057cam a2200313I  4500</leader><controlfield tag='001'>SCSB-4914145</controlfield><controlfield tag='003'>NNC</controlfield><controlfield tag='005'>20221103005312.0</controlfield><controlfield tag='008'>750902s1950    enk           000 0 eng  </controlfield><controlfield tag='009'>4621064</controlfield><datafield ind1=' ' ind2=' ' tag='010'><subfield code='a'>a  53005482 </subfield></datafield><datafield ind1=' ' ind2=' ' tag='035'><subfield code='a'>(OCoLC)ocm01593014</subfield></datafield><datafield ind1=' ' ind2=' ' tag='035'><subfield code='9'>EISI302200</subfield></datafield><datafield ind1=' ' ind2=' ' tag='035'><subfield code='a'>(NNC)4621064</subfield></datafield><datafield ind1=' ' ind2=' ' tag='035'><subfield code='a'>4621064</subfield></datafield><datafield ind1=' ' ind2=' ' tag='040'><subfield code='a'>DLC</subfield><subfield code='c'>DZM</subfield><subfield code='d'>UKM</subfield></datafield><datafield ind1='0' ind2='0' tag='050'><subfield code='a'>[JC257</subfield><subfield code='b'>.C ]</subfield></datafield><datafield ind1=' ' ind2=' ' tag='098'><subfield code='a'>FX42</subfield><subfield code='b'>C97 1950</subfield></datafield><datafield ind1='1' ind2=' ' tag='100'><subfield code='a'>Curtis, Lionel,</subfield><subfield code='d'>1872-1955.</subfield><subfield code='0'>http://id.loc.gov/authorities/names/n95015800</subfield></datafield><datafield ind1='1' ind2='0' tag='245'><subfield code='a'>Civitas Dei.</subfield></datafield><datafield ind1=' ' ind2=' ' tag='250'><subfield code='a'>[2d rev. ed.].</subfield></datafield><datafield ind1=' ' ind2=' ' tag='260'><subfield code='a'>London :</subfield><subfield code='b'>Allen &amp; Unwin,</subfield><subfield code='c'>[1950]</subfield></datafield><datafield ind1=' ' ind2=' ' tag='300'><subfield code='a'>lvi, 774 pages ;</subfield><subfield code='c'>22 cm</subfield></datafield><datafield ind1=' ' ind2=' ' tag='336'><subfield code='a'>text</subfield><subfield code='b'>txt</subfield><subfield code='2'>rdacontent</subfield></datafield><datafield ind1=' ' ind2=' ' tag='337'><subfield code='a'>unmediated</subfield><subfield code='b'>n</subfield><subfield code='2'>rdamedia</subfield></datafield><datafield ind1=' ' ind2='0' tag='650'><subfield code='a'>State, The.</subfield><subfield code='0'>http://id.loc.gov/authorities/subjects/sh85127474</subfield></datafield><datafield ind1=' ' ind2='0' tag='650'><subfield code='a'>Political science.</subfield><subfield code='0'>http://id.loc.gov/authorities/subjects/sh85104440</subfield></datafield><datafield ind1=' ' ind2='0' tag='650'><subfield code='a'>Church and state.</subfield><subfield code='0'>http://id.loc.gov/authorities/subjects/sh85025534</subfield></datafield><datafield ind1=' ' ind2='0' tag='650'><subfield code='a'>World politics.</subfield><subfield code='0'>http://id.loc.gov/authorities/subjects/sh85148216</subfield></datafield><datafield ind1='8' ind2='0' tag='852'><subfield code='h'>FX42 C97 1950</subfield><subfield code='0'>4925881</subfield><subfield code='b'>scsbcul</subfield></datafield><datafield ind1=' ' ind2=' ' tag='876'><subfield code='0'>4925881</subfield><subfield code='a'>7432657</subfield><subfield code='h'> </subfield><subfield code='j'>Available</subfield><subfield code='p'>CU62166425</subfield><subfield code='t'>1</subfield><subfield code='x'>Shared</subfield><subfield code='z'>CU</subfield><subfield code='l'>RECAP</subfield></datafield></record>