
<record><leader>01187nam a2200337I  4500</leader><controlfield tag='001'>SCSB-8034192</controlfield><controlfield tag='003'>OCoLC</controlfield><controlfield tag='005'>19990226105220.2</controlfield><controlfield tag='008'>750709s1934    xx            000 0 eng d</controlfield><controlfield tag='009'>.b134326696</controlfield><datafield ind1=' ' ind2=' ' tag='040'><subfield code='a'>GUA</subfield><subfield code='c'>GUA</subfield><subfield code='d'>NYP</subfield><subfield code='d'>WaOLN</subfield></datafield><datafield ind1=' ' ind2=' ' tag='049'><subfield code='a'>NYPG</subfield></datafield><datafield ind1='0' ind2='0' tag='050'><subfield code='a'>JC257</subfield><subfield code='b'>.C8</subfield></datafield><datafield ind1='0' ind2='0' tag='082'><subfield code='a'>320.9</subfield></datafield><datafield ind1='1' ind2=' ' tag='100'><subfield code='a'>Curtis, Lionel,</subfield><subfield code='d'>1872-1955.</subfield></datafield><datafield ind1='1' ind2='0' tag='245'><subfield code='a'>Civitas Dei.</subfield></datafield><datafield ind1=' ' ind2=' ' tag='260'><subfield code='a'>London,</subfield><subfield code='b'>Macmillan,</subfield><subfield code='c'>1934-37.</subfield></datafield><datafield ind1=' ' ind2=' ' tag='300'><subfield code='a'>3 v.</subfield><subfield code='c'>23 cm.</subfield></datafield><datafield ind1=' ' ind2=' ' tag='504'><subfield code='a'>Bibliography at end of each chapter.</subfield></datafield><datafield ind1=' ' ind2='0' tag='650'><subfield code='a'>State, The.</subfield></datafield><datafield ind1=' ' ind2='0' tag='650'><subfield code='a'>Political science.</subfield></datafield><datafield ind1=' ' ind2='0' tag='650'><subfield code='a'>Church and state.</subfield></datafield><datafield ind1=' ' ind2='0' tag='650'><subfield code='a'>World politics.</subfield></datafield><datafield ind1=' ' ind2=' ' tag='907'><subfield code='a'>.b134326696</subfield><subfield code='c'>m</subfield><subfield code='d'>a</subfield><subfield code='e'>-</subfield><subfield code='f'>eng</subfield><subfield code='g'>xx</subfield><subfield code='h'>0</subfield><subfield code='i'>1</subfield></datafield><datafield ind1=' ' ind2=' ' tag='035'><subfield code='a'>(OCoLC)1438660</subfield></datafield><datafield ind1=' ' ind2=' ' tag='901'><subfield code='a'>da8a001d-6627-4e66-aada-bdfb2cd56e64</subfield><subfield code='b'>9</subfield><subfield code='c'>false</subfield></datafield><datafield ind1='8' ind2=' ' tag='852'><subfield code='h'>ZFGF (Curtis, L. Civitas Dei. 1934)</subfield><subfield code='0'>8177855</subfield><subfield code='b'>scsbnypl</subfield></datafield><datafield ind1=' ' ind2=' ' tag='866'><subfield code='a'>v. 2, v. 3, v. 3</subfield><subfield code='0'>8177855</subfield></datafield><datafield ind1=' ' ind2=' ' tag='876'><subfield code='0'>8177855</subfield><subfield code='3'>v. 2</subfield><subfield code='a'>13426183</subfield><subfield code='j'>Available</subfield><subfield code='p'>33433098470143</subfield><subfield code='t'>1</subfield><subfield code='x'>Open</subfield><subfield code='z'>NA</subfield><subfield code='l'>RECAP</subfield></datafield><datafield ind1=' ' ind2=' ' tag='876'><subfield code='0'>8177855</subfield><subfield code='3'>v. 3</subfield><subfield code='a'>13426184</subfield><subfield code='j'>Available</subfield><subfield code='p'>33433098470150</subfield><subfield code='t'>1</subfield><subfield code='x'>Open</subfield><subfield code='z'>NA</subfield><subfield code='l'>RECAP</subfield></datafield><datafield ind1=' ' ind2=' ' tag='876'><subfield code='0'>8177855</subfield><subfield code='3'>v. 3</subfield><subfield code='a'>13426185</subfield><subfield code='j'>Available</subfield><subfield code='p'>33433098470192</subfield><subfield code='t'>1</subfield><subfield code='x'>Open</subfield><subfield code='z'>NA</subfield><subfield code='l'>RECAP</subfield></datafield></record>