
<record><leader>01016cam a2200301I  4500</leader><controlfield tag='001'>SCSB-4957483</controlfield><controlfield tag='003'>NNC</controlfield><controlfield tag='005'>20221103020730.0</controlfield><controlfield tag='008'>750709s1934    enk           000 0 eng d</controlfield><controlfield tag='009'>4682707</controlfield><datafield ind1=' ' ind2=' ' tag='035'><subfield code='a'>(OCoLC)ocm01438660</subfield></datafield><datafield ind1=' ' ind2=' ' tag='035'><subfield code='9'>EISI363986</subfield></datafield><datafield ind1=' ' ind2=' ' tag='035'><subfield code='a'>(NNC)4682707</subfield></datafield><datafield ind1=' ' ind2=' ' tag='035'><subfield code='a'>4682707</subfield></datafield><datafield ind1=' ' ind2=' ' tag='040'><subfield code='a'>GUA</subfield><subfield code='c'>GUA</subfield></datafield><datafield ind1='0' ind2='0' tag='050'><subfield code='a'>JC257</subfield><subfield code='b'>.C8</subfield></datafield><datafield ind1=' ' ind2=' ' tag='098'><subfield code='a'>FX42</subfield><subfield code='b'>C97</subfield></datafield><datafield ind1='1' ind2=' ' tag='100'><subfield code='a'>Curtis, Lionel,</subfield><subfield code='d'>1872-1955.</subfield><subfield code='0'>http://id.loc.gov/authorities/names/n95015800</subfield></datafield><datafield ind1='1' ind2='0' tag='245'><subfield code='a'>Civitas Dei.</subfield></datafield><datafield ind1=' ' ind2=' ' tag='260'><subfield code='a'>London :</subfield><subfield code='b'>Macmillan,</subfield><subfield code='c'>1934-37.</subfield></datafield><datafield ind1=' ' ind2=' ' tag='300'><subfield code='a'>3 volumes ;</subfield><subfield code='c'>23 cm</subfield></datafield><datafield ind1=' ' ind2=' ' tag='336'><subfield code='a'>text</subfield><subfield code='b'>txt</subfield><subfield code='2'>rdacontent</subfield></datafield><datafield ind1=' ' ind2=' ' tag='337'><subfield code='a'>unmediated</subfield><subfield code='b'>n</subfield><subfield code='2'>rdamedia</subfield></datafield><datafield ind1=' ' ind2='0' tag='650'><subfield code='a'>State, The.</subfield><subfield code='0'>http://id.loc.gov/authorities/subjects/sh85127474</subfield></datafield><datafield ind1=' ' ind2='0' tag='650'><subfield code='a'>Political science.</subfield><subfield code='0'>http://id.loc.gov/authorities/subjects/sh85104440</subfield></datafield><datafield ind1=' ' ind2='0' tag='650'><subfield code='a'>Church and state.</subfield><subfield code='0'>http://id.loc.gov/authorities/subjects/sh85025534</subfield></datafield><datafield ind1=' ' ind2='0' tag='650'><subfield code='a'>World politics.</subfield><subfield code='0'>http://id.loc.gov/authorities/subjects/sh85148216</subfield></datafield><datafield ind1=' ' ind2=' ' tag='901'><subfield code='a'>da8a001d-6627-4e66-aada-bdfb2cd56e64</subfield><subfield code='b'>9</subfield><subfield code='c'>false</subfield></datafield><datafield ind1='8' ind2='1' tag='852'><subfield code='h'>FX42 C97</subfield><subfield code='0'>4970055</subfield><subfield code='b'>scsbcul</subfield></datafield><datafield ind1='0' ind2='0' tag='866'><subfield code='a'>v.1-3</subfield><subfield code='0'>4970055</subfield></datafield><datafield ind1=' ' ind2=' ' tag='876'><subfield code='0'>4970055</subfield><subfield code='3'>v.1</subfield><subfield code='a'>7479651</subfield><subfield code='h'> </subfield><subfield code='j'>Available</subfield><subfield code='p'>CU12123854</subfield><subfield code='t'>1</subfield><subfield code='x'>Open</subfield><subfield code='z'>CU</subfield><subfield code='l'>RECAP</subfield></datafield><datafield ind1=' ' ind2=' ' tag='876'><subfield code='0'>4970055</subfield><subfield code='3'>v.2</subfield><subfield code='a'>7479652</subfield><subfield code='h'> </subfield><subfield code='j'>Available</subfield><subfield code='p'>CU13091816</subfield><subfield code='t'>1</subfield><subfield code='x'>Open</subfield><subfield code='z'>CU</subfield><subfield code='l'>RECAP</subfield></datafield><datafield ind1=' ' ind2=' ' tag='876'><subfield code='0'>4970055</subfield><subfield code='3'>v.3</subfield><subfield code='a'>7479653</subfield><subfield code='h'> </subfield><subfield code='j'>Available</subfield><subfield code='p'>CU13093126</subfield><subfield code='t'>1</subfield><subfield code='x'>Open</subfield><subfield code='z'>CU</subfield><subfield code='l'>RECAP</subfield></datafield></record>