
<record><leader>01020nam a2200301   4500</leader><controlfield tag='001'>SCSB-3295878</controlfield><controlfield tag='003'>NNC</controlfield><controlfield tag='005'>20220608215821.0</controlfield><controlfield tag='008'>750709s1934    enk      b    000 0 eng d</controlfield><controlfield tag='009'>1713144</controlfield><datafield ind1=' ' ind2=' ' tag='035'><subfield code='a'>(OCoLC)ocm01438660</subfield></datafield><datafield ind1=' ' ind2=' ' tag='035'><subfield code='9'>ALB6598CU</subfield></datafield><datafield ind1=' ' ind2=' ' tag='035'><subfield code='a'>1713144</subfield></datafield><datafield ind1=' ' ind2=' ' tag='040'><subfield code='a'>GUA</subfield><subfield code='c'>GUA</subfield></datafield><datafield ind1='0' ind2='0' tag='050'><subfield code='a'>JC257</subfield><subfield code='b'>.C8</subfield></datafield><datafield ind1='0' ind2=' ' tag='082'><subfield code='a'>320.9</subfield></datafield><datafield ind1='1' ind2=' ' tag='100'><subfield code='a'>Curtis, Lionel,</subfield><subfield code='d'>1872-1955.</subfield><subfield code='0'>http://id.loc.gov/authorities/names/n95015800</subfield></datafield><datafield ind1='1' ind2='0' tag='245'><subfield code='a'>Civitas Dei.</subfield></datafield><datafield ind1=' ' ind2=' ' tag='260'><subfield code='a'>London :</subfield><subfield code='b'>Macmillan,</subfield><subfield code='c'>1934-37.</subfield></datafield><datafield ind1=' ' ind2=' ' tag='300'><subfield code='a'>3 volumes ;</subfield><subfield code='c'>23 cm</subfield></datafield><datafield ind1=' ' ind2=' ' tag='336'><subfield code='a'>text</subfield><subfield code='b'>txt</subfield><subfield code='2'>rdacontent</subfield></datafield><datafield ind1=' ' ind2=' ' tag='337'><subfield code='a'>unmediated</subfield><subfield code='b'>n</subfield><subfield code='2'>rdamedia</subfield></datafield><datafield ind1=' ' ind2=' ' tag='504'><subfield code='a'>&quot;Notes&quot; at the end of most chapters.</subfield></datafield><datafield ind1=' ' ind2='0' tag='650'><subfield code='a'>State, The.</subfield><subfield code='0'>http://id.loc.gov/authorities/subjects/sh85127474</subfield></datafield><datafield ind1=' ' ind2='0' tag='650'><subfield code='a'>Political science.</subfield><subfield code='0'>http://id.loc.gov/authorities/subjects/sh85104440</subfield></datafield><datafield ind1=' ' ind2='0' tag='650'><subfield code='a'>Church and state.</subfield><subfield code='0'>http://id.loc.gov/authorities/subjects/sh85025534</subfield></datafield><datafield ind1=' ' ind2='0' tag='650'><subfield code='a'>World politics.</subfield><subfield code='0'>http://id.loc.gov/authorities/subjects/sh85148216</subfield></datafield><datafield ind1=' ' ind2=' ' tag='901'><subfield code='a'>da8a001d-6627-4e66-aada-bdfb2cd56e64</subfield><subfield code='b'>9</subfield><subfield code='c'>false</subfield></datafield><datafield ind1='8' ind2='1' tag='852'><subfield code='h'>320.1 C944</subfield><subfield code='0'>3278823</subfield><subfield code='b'>scsbcul</subfield></datafield><datafield ind1='0' ind2='0' tag='866'><subfield code='a'>v.1-3</subfield><subfield code='0'>3278823</subfield></datafield><datafield ind1=' ' ind2=' ' tag='876'><subfield code='0'>3278823</subfield><subfield code='3'>v.1</subfield><subfield code='a'>4992955</subfield><subfield code='h'> </subfield><subfield code='j'>Available</subfield><subfield code='p'>CU07443145</subfield><subfield code='t'>1</subfield><subfield code='x'>Open</subfield><subfield code='z'>CU</subfield><subfield code='l'>RECAP</subfield></datafield><datafield ind1=' ' ind2=' ' tag='876'><subfield code='0'>3278823</subfield><subfield code='3'>v.2</subfield><subfield code='a'>4992956</subfield><subfield code='h'> </subfield><subfield code='j'>Available</subfield><subfield code='p'>CU07443013</subfield><subfield code='t'>1</subfield><subfield code='x'>Open</subfield><subfield code='z'>CU</subfield><subfield code='l'>RECAP</subfield></datafield><datafield ind1=' ' ind2=' ' tag='876'><subfield code='0'>3278823</subfield><subfield code='3'>v.3</subfield><subfield code='a'>4992957</subfield><subfield code='h'> </subfield><subfield code='j'>Available</subfield><subfield code='p'>CU07443021</subfield><subfield code='t'>1</subfield><subfield code='x'>Open</subfield><subfield code='z'>CU</subfield><subfield code='l'>RECAP</subfield></datafield></record>