
<record><leader>01085cam a2200313   4500</leader><controlfield tag='001'>SCSB-4970437</controlfield><controlfield tag='003'>NNC</controlfield><controlfield tag='005'>20221103022826.0</controlfield><controlfield tag='008'>740827t19731973fr a     b    000 0 fre  </controlfield><controlfield tag='009'>4699753</controlfield><datafield ind1=' ' ind2=' ' tag='010'><subfield code='a'>   74176907 </subfield></datafield><datafield ind1=' ' ind2=' ' tag='035'><subfield code='a'>(OCoLC)ocm01054889</subfield></datafield><datafield ind1=' ' ind2=' ' tag='035'><subfield code='9'>EISI381032</subfield></datafield><datafield ind1=' ' ind2=' ' tag='035'><subfield code='a'>(NNC)4699753</subfield></datafield><datafield ind1=' ' ind2=' ' tag='035'><subfield code='a'>4699753</subfield></datafield><datafield ind1=' ' ind2=' ' tag='040'><subfield code='a'>DLC</subfield><subfield code='c'>DLC</subfield></datafield><datafield ind1='0' ind2='0' tag='050'><subfield code='a'>BX818.S6</subfield><subfield code='b'>S27</subfield></datafield><datafield ind1=' ' ind2=' ' tag='098'><subfield code='a'>KH12</subfield><subfield code='b'>S67 XS25</subfield></datafield><datafield ind1='1' ind2=' ' tag='100'><subfield code='a'>Saunier, Jean,</subfield><subfield code='d'>1922-1965.</subfield></datafield><datafield ind1='1' ind2='2' tag='245'><subfield code='a'>L&apos;Opus Dei.</subfield></datafield><datafield ind1=' ' ind2=' ' tag='260'><subfield code='a'>[Paris] :</subfield><subfield code='b'>[Grasset],</subfield><subfield code='c'>[1973], [©1973]</subfield></datafield><datafield ind1=' ' ind2=' ' tag='300'><subfield code='a'>287 pages :</subfield><subfield code='b'>illustrations ;</subfield><subfield code='c'>21 cm.</subfield></datafield><datafield ind1=' ' ind2=' ' tag='336'><subfield code='a'>text</subfield><subfield code='b'>txt</subfield><subfield code='2'>rdacontent</subfield></datafield><datafield ind1=' ' ind2=' ' tag='337'><subfield code='a'>unmediated</subfield><subfield code='b'>n</subfield><subfield code='2'>rdamedia</subfield></datafield><datafield ind1='1' ind2=' ' tag='490'><subfield code='a'>Histoire des personnages mystérieux et des sociétés secrètes</subfield></datafield><datafield ind1=' ' ind2=' ' tag='500'><subfield code='a'>Half-title: L&apos;Opus Dei et les sociétés secrètes catholiques.</subfield></datafield><datafield ind1=' ' ind2=' ' tag='504'><subfield code='a'>Bibliography: p. 282-286.</subfield></datafield><datafield ind1='2' ind2='0' tag='610'><subfield code='a'>Opus Dei (Society)</subfield><subfield code='0'>http://id.loc.gov/authorities/names/n79018347</subfield></datafield><datafield ind1=' ' ind2='0' tag='830'><subfield code='a'>Histoire des personnages mystérieux &amp; des sociétés secrètes.</subfield><subfield code='0'>http://id.loc.gov/authorities/names/nr2007001543</subfield></datafield><datafield ind1='8' ind2='0' tag='852'><subfield code='h'>KH12 S67 XS25</subfield><subfield code='0'>4983319</subfield><subfield code='b'>scsbcul</subfield></datafield><datafield ind1=' ' ind2=' ' tag='876'><subfield code='0'>4983319</subfield><subfield code='a'>7494472</subfield><subfield code='h'> </subfield><subfield code='j'>Available</subfield><subfield code='p'>CU62391739</subfield><subfield code='t'>1</subfield><subfield code='x'>Shared</subfield><subfield code='z'>CU</subfield><subfield code='l'>RECAP</subfield></datafield></record>