
<record><leader>00864cam a22002891  4500</leader><controlfield tag='001'>SCSB-3634720</controlfield><controlfield tag='003'>NNC</controlfield><controlfield tag='005'>20220615234159.0</controlfield><controlfield tag='008'>711216s1964    nyuab    b    000 0 eng  </controlfield><controlfield tag='009'>2224351</controlfield><datafield ind1=' ' ind2=' ' tag='010'><subfield code='a'>   64011237 </subfield></datafield><datafield ind1=' ' ind2=' ' tag='035'><subfield code='a'>(OCoLC)ocm00544819</subfield></datafield><datafield ind1=' ' ind2=' ' tag='035'><subfield code='9'>ANV3150CU</subfield></datafield><datafield ind1=' ' ind2=' ' tag='035'><subfield code='a'>2224351</subfield></datafield><datafield ind1=' ' ind2=' ' tag='040'><subfield code='a'>DLC</subfield><subfield code='c'>DLC</subfield><subfield code='d'>ZCU</subfield></datafield><datafield ind1='0' ind2='0' tag='050'><subfield code='a'>QE28</subfield><subfield code='b'>.P98 1964</subfield></datafield><datafield ind1='0' ind2=' ' tag='082'><subfield code='a'>550</subfield></datafield><datafield ind1=' ' ind2=' ' tag='090'><subfield code='a'>QE28</subfield><subfield code='b'>.P98</subfield></datafield><datafield ind1='1' ind2=' ' tag='100'><subfield code='a'>Putnam, William Clement,</subfield><subfield code='d'>1908-1963.</subfield><subfield code='0'>http://id.loc.gov/authorities/names/n81127776</subfield></datafield><datafield ind1='1' ind2='0' tag='245'><subfield code='a'>Geology.</subfield></datafield><datafield ind1=' ' ind2=' ' tag='260'><subfield code='a'>New York :</subfield><subfield code='b'>Oxford University Press,</subfield><subfield code='c'>1964.</subfield></datafield><datafield ind1=' ' ind2=' ' tag='300'><subfield code='a'>480 pages :</subfield><subfield code='b'>illustrations, maps, diagrams ;</subfield><subfield code='c'>27 cm</subfield></datafield><datafield ind1=' ' ind2=' ' tag='336'><subfield code='a'>text</subfield><subfield code='b'>txt</subfield><subfield code='2'>rdacontent</subfield></datafield><datafield ind1=' ' ind2=' ' tag='337'><subfield code='a'>unmediated</subfield><subfield code='b'>n</subfield><subfield code='2'>rdamedia</subfield></datafield><datafield ind1=' ' ind2=' ' tag='504'><subfield code='a'>Includes bibliographies.</subfield></datafield><datafield ind1=' ' ind2='0' tag='650'><subfield code='a'>Geology.</subfield><subfield code='0'>http://id.loc.gov/authorities/subjects/sh85054037</subfield></datafield><datafield ind1='0' ind2='0' tag='852'><subfield code='h'>QE28 .P98</subfield><subfield code='0'>3639092</subfield><subfield code='b'>scsbcul</subfield></datafield><datafield ind1=' ' ind2=' ' tag='876'><subfield code='0'>3639092</subfield><subfield code='a'>5411049</subfield><subfield code='h'> </subfield><subfield code='j'>Available</subfield><subfield code='p'>CU61218944</subfield><subfield code='t'>1</subfield><subfield code='x'>Shared</subfield><subfield code='z'>CU</subfield><subfield code='l'>RECAP</subfield></datafield></record>