
<record><leader>01301cam a2200373   4500</leader><controlfield tag='001'>SCSB-2596311</controlfield><controlfield tag='003'>NNC</controlfield><controlfield tag='005'>20220525210659.0</controlfield><controlfield tag='008'>871119m19631964qucab    b    000 0 eng  </controlfield><controlfield tag='009'>611778</controlfield><datafield ind1=' ' ind2=' ' tag='010'><subfield code='a'>   73153334 </subfield></datafield><datafield ind1=' ' ind2=' ' tag='035'><subfield code='a'>(OCoLC)662492</subfield></datafield><datafield ind1=' ' ind2=' ' tag='035'><subfield code='a'>(OCoLC)ocm00662492</subfield></datafield><datafield ind1=' ' ind2=' ' tag='035'><subfield code='a'>(CStRLIN)NYCG87-B91615</subfield></datafield><datafield ind1=' ' ind2=' ' tag='035'><subfield code='9'>ACR6993CU</subfield></datafield><datafield ind1=' ' ind2=' ' tag='035'><subfield code='a'>(NNC)611778</subfield></datafield><datafield ind1=' ' ind2=' ' tag='035'><subfield code='a'>611778</subfield></datafield><datafield ind1=' ' ind2=' ' tag='040'><subfield code='d'>NNC</subfield></datafield><datafield ind1=' ' ind2=' ' tag='043'><subfield code='a'>n-cn-nt</subfield></datafield><datafield ind1='0' ind2='0' tag='050'><subfield code='a'>QE196.N7</subfield><subfield code='b'>J3 1963</subfield></datafield><datafield ind1='0' ind2=' ' tag='082'><subfield code='a'>557.12/9</subfield></datafield><datafield ind1=' ' ind2=' ' tag='090'><subfield code='a'>QE196.N7</subfield><subfield code='b'>J3 1963</subfield></datafield><datafield ind1='2' ind2=' ' tag='111'><subfield code='a'>Jacobsen-McGill Arctic Research Expedition</subfield><subfield code='d'>(1959-1962)</subfield><subfield code='0'>http://id.loc.gov/authorities/names/n50036468</subfield></datafield><datafield ind1='1' ind2='0' tag='245'><subfield code='a'>Geology.</subfield></datafield><datafield ind1=' ' ind2=' ' tag='260'><subfield code='a'>[Montreal] :</subfield><subfield code='b'>[McGill University],</subfield><subfield code='c'>1963-64.</subfield></datafield><datafield ind1=' ' ind2=' ' tag='300'><subfield code='a'>volumes :</subfield><subfield code='b'>illustrations, maps (part in pocket) ;</subfield><subfield code='c'>28 cm.</subfield></datafield><datafield ind1=' ' ind2=' ' tag='336'><subfield code='a'>text</subfield><subfield code='2'>rdacontent</subfield></datafield><datafield ind1=' ' ind2=' ' tag='337'><subfield code='a'>unmediated</subfield><subfield code='2'>rdamedia</subfield></datafield><datafield ind1=' ' ind2=' ' tag='338'><subfield code='a'>volume</subfield><subfield code='2'>rdacarrier</subfield></datafield><datafield ind1='1' ind2=' ' tag='490'><subfield code='a'>Axel Heiberg Island research reports</subfield></datafield><datafield ind1=' ' ind2=' ' tag='504'><subfield code='a'>Bibliography: v. 1, p. 145-148; v. 2, p. 86-101; v. 3, p. 17-18.</subfield></datafield><datafield ind1='0' ind2=' ' tag='505'><subfield code='a'>no. 1. Geology of the expedition area, by P. E. Fricker.--no. 2. The anhydrite diapirs of central western Axel Heiberg Island, by E. W. Hoen.</subfield></datafield><datafield ind1=' ' ind2='0' tag='650'><subfield code='a'>Geology</subfield><subfield code='z'>Nunavut</subfield><subfield code='z'>Axel Heiberg Island.</subfield></datafield><datafield ind1=' ' ind2='0' tag='830'><subfield code='a'>Axel Heiberg Island research reports.</subfield></datafield><datafield ind1=' ' ind2=' ' tag='901'><subfield code='a'>1a949d1c-1c99-49c5-907a-4a2dab569197</subfield><subfield code='b'>9</subfield><subfield code='c'>false</subfield></datafield><datafield ind1='0' ind2='1' tag='852'><subfield code='h'>QE196.N7 J3 1963</subfield><subfield code='0'>2573699</subfield><subfield code='b'>scsbcul</subfield></datafield><datafield ind1='0' ind2='0' tag='866'><subfield code='a'>v.1-2 1963-1964</subfield><subfield code='0'>2573699</subfield></datafield><datafield ind1=' ' ind2=' ' tag='876'><subfield code='0'>2573699</subfield><subfield code='3'>no.1 (1963)</subfield><subfield code='a'>4106947</subfield><subfield code='h'> </subfield><subfield code='j'>Available</subfield><subfield code='p'>CR00117650</subfield><subfield code='t'>1</subfield><subfield code='x'>Shared</subfield><subfield code='z'>CR</subfield><subfield code='l'>RECAP</subfield></datafield><datafield ind1=' ' ind2=' ' tag='876'><subfield code='0'>2573699</subfield><subfield code='3'>no.2 (1964)</subfield><subfield code='a'>4106948</subfield><subfield code='h'> </subfield><subfield code='j'>Available</subfield><subfield code='p'>CR00117889</subfield><subfield code='t'>1</subfield><subfield code='x'>Shared</subfield><subfield code='z'>CR</subfield><subfield code='l'>RECAP</subfield></datafield></record>