
<record><leader>01395cam a2200313   4500</leader><controlfield tag='001'>SCSB-8630646</controlfield><controlfield tag='003'>OCoLC</controlfield><controlfield tag='005'>20001116191400.5</controlfield><controlfield tag='008'>730417m19631964qucab    b    000 0 eng  </controlfield><controlfield tag='009'>.b13776800x</controlfield><datafield ind1=' ' ind2=' ' tag='010'><subfield code='a'>73153334 //r90</subfield></datafield><datafield ind1=' ' ind2=' ' tag='040'><subfield code='a'>DLC</subfield><subfield code='c'>DLC</subfield><subfield code='d'>NYP</subfield><subfield code='d'>WaOLN</subfield></datafield><datafield ind1=' ' ind2=' ' tag='043'><subfield code='a'>n-cn-nt</subfield></datafield><datafield ind1=' ' ind2=' ' tag='049'><subfield code='a'>NYPS</subfield></datafield><datafield ind1='0' ind2='0' tag='050'><subfield code='a'>QE196.N7</subfield><subfield code='b'>J3 1963</subfield></datafield><datafield ind1='0' ind2='0' tag='082'><subfield code='a'>557.12/9</subfield></datafield><datafield ind1='2' ind2=' ' tag='110'><subfield code='a'>Jacobsen-McGill Arctic Research Expedition.</subfield></datafield><datafield ind1='1' ind2='0' tag='245'><subfield code='a'>Geology.</subfield></datafield><datafield ind1=' ' ind2=' ' tag='260'><subfield code='a'>[Montreal,</subfield><subfield code='b'>McGill University]</subfield><subfield code='c'>1963-64.</subfield></datafield><datafield ind1=' ' ind2=' ' tag='300'><subfield code='a'>v.</subfield><subfield code='b'>illus., maps (part in pocket)</subfield><subfield code='c'>28 cm.</subfield></datafield><datafield ind1=' ' ind2='0' tag='440'><subfield code='a'>Axel Heiberg Island research reports</subfield></datafield><datafield ind1=' ' ind2=' ' tag='504'><subfield code='a'>Bibliography: v. 1, p. 145-148; v. 2, p. 86-101; v. 3, p. 17-18.</subfield></datafield><datafield ind1='0' ind2=' ' tag='505'><subfield code='a'>no. 1. Geology of the expedition area, by P. E. Fricker.--no. 2. The anhydrite diapirs of central western Axel Heiberg Island, by E. W. Hoen.--no. 3 Pre-Mississippian succession of northernmost Axel Heiberg Island, by P. E. Fricker and H. P. Trettin.</subfield></datafield><datafield ind1=' ' ind2='0' tag='650'><subfield code='a'>Geology</subfield><subfield code='z'>Northwest Territories</subfield><subfield code='z'>Axel Heiberg Island.</subfield></datafield><datafield ind1='0' ind2=' ' tag='730'><subfield code='a'>Axel Heiberg Island research reports.</subfield></datafield><datafield ind1=' ' ind2=' ' tag='907'><subfield code='a'>.b13776800x</subfield><subfield code='c'>m</subfield><subfield code='d'>a</subfield><subfield code='e'>-</subfield><subfield code='f'>eng</subfield><subfield code='g'>quc</subfield><subfield code='h'>0</subfield><subfield code='i'>1</subfield></datafield><datafield ind1=' ' ind2=' ' tag='035'><subfield code='a'>(OCoLC)662492</subfield></datafield><datafield ind1=' ' ind2=' ' tag='901'><subfield code='a'>1a949d1c-1c99-49c5-907a-4a2dab569197</subfield><subfield code='b'>9</subfield><subfield code='c'>false</subfield></datafield><datafield ind1='8' ind2=' ' tag='852'><subfield code='h'>PVA (Jacobsen-McGill Arctic Research Expedition. Geology)</subfield><subfield code='0'>8790140</subfield><subfield code='b'>scsbnypl</subfield></datafield><datafield ind1=' ' ind2=' ' tag='866'><subfield code='a'>v.  1-3 (1963-64)</subfield><subfield code='0'>8790140</subfield></datafield><datafield ind1=' ' ind2=' ' tag='876'><subfield code='0'>8790140</subfield><subfield code='3'>v.  1-3 (1963-64)</subfield><subfield code='a'>14345812</subfield><subfield code='j'>Available</subfield><subfield code='p'>33433093737165</subfield><subfield code='t'>1</subfield><subfield code='x'>Shared</subfield><subfield code='z'>NA</subfield><subfield code='l'>RECAP</subfield></datafield></record>