
<record><leader>01500cam a22003491a 4500</leader><controlfield tag='001'>SCSB-7183838</controlfield><controlfield tag='003'>OCoLC</controlfield><controlfield tag='005'>20020513111107.1</controlfield><controlfield tag='008'>780824m18651882pauabf        001 0 eng d</controlfield><controlfield tag='009'>.b154012531</controlfield><datafield ind1=' ' ind2=' ' tag='040'><subfield code='a'>UUM</subfield><subfield code='c'>UUM</subfield><subfield code='d'>OCL</subfield><subfield code='d'>CUS</subfield><subfield code='d'>NYP</subfield><subfield code='d'>OCoLC</subfield></datafield><datafield ind1=' ' ind2=' ' tag='043'><subfield code='a'>n-us-ca</subfield></datafield><datafield ind1=' ' ind2=' ' tag='049'><subfield code='a'>NYPE</subfield></datafield><datafield ind1='2' ind2=' ' tag='110'><subfield code='a'>Geological Survey of California.</subfield></datafield><datafield ind1='1' ind2='0' tag='245'><subfield code='a'>Geology.</subfield></datafield><datafield ind1=' ' ind2=' ' tag='260'><subfield code='a'>Philadelphia :</subfield><subfield code='b'>Caxton Press of Sherman and Co.,</subfield><subfield code='c'>1865-1882.</subfield></datafield><datafield ind1=' ' ind2=' ' tag='300'><subfield code='a'>2 v. :</subfield><subfield code='b'>ill., map ;</subfield><subfield code='c'>28 cm.</subfield></datafield><datafield ind1=' ' ind2=' ' tag='500'><subfield code='a'>&quot;J.D. Whitney, state geologist.&quot;</subfield></datafield><datafield ind1=' ' ind2=' ' tag='500'><subfield code='a'>Vol. 1 published by authority of the Legislature of California.</subfield></datafield><datafield ind1=' ' ind2=' ' tag='500'><subfield code='a'>Appendix only of vol. 2 was published.</subfield></datafield><datafield ind1=' ' ind2=' ' tag='500'><subfield code='a'>Vol. 2 appendix has imprint: Cambridge, Mass., J. Wilson and son, University press, 1882.</subfield></datafield><datafield ind1=' ' ind2=' ' tag='500'><subfield code='a'>At head of title (vol. 2): Uniform with the publications of the Geological survey of California.</subfield></datafield><datafield ind1=' ' ind2=' ' tag='500'><subfield code='a'>Includes index.</subfield></datafield><datafield ind1='0' ind2=' ' tag='505'><subfield code='a'>v. 1. Report of progress and synopsis of the field-work, from 1860 to 1864 -- v. 2. The Coast ranges.</subfield></datafield><datafield ind1=' ' ind2='0' tag='650'><subfield code='a'>Geology</subfield><subfield code='z'>California.</subfield></datafield><datafield ind1=' ' ind2='0' tag='650'><subfield code='a'>Coal mines and mining</subfield><subfield code='z'>California.</subfield></datafield><datafield ind1=' ' ind2='0' tag='650'><subfield code='a'>Mercury mines and mining</subfield><subfield code='z'>California.</subfield></datafield><datafield ind1='1' ind2=' ' tag='700'><subfield code='a'>Whitney, J. D.</subfield><subfield code='q'>(Josiah Dwight),</subfield><subfield code='d'>1819-1896.</subfield></datafield><datafield ind1=' ' ind2=' ' tag='907'><subfield code='a'>.b154012531</subfield><subfield code='c'>m</subfield><subfield code='d'>a</subfield><subfield code='e'>-</subfield><subfield code='f'>eng</subfield><subfield code='g'>pau</subfield><subfield code='h'>0</subfield><subfield code='i'>1</subfield></datafield><datafield ind1=' ' ind2=' ' tag='035'><subfield code='a'>(OCoLC)4167195</subfield></datafield><datafield ind1=' ' ind2=' ' tag='901'><subfield code='a'>0421e1de-9a2c-4343-b0b2-7a16bedd2a07</subfield><subfield code='b'>9</subfield><subfield code='c'>false</subfield></datafield><datafield ind1='8' ind2=' ' tag='852'><subfield code='h'>PTB (California. Geological Survey. Geology)</subfield><subfield code='0'>7278612</subfield><subfield code='b'>scsbnypl</subfield></datafield><datafield ind1=' ' ind2=' ' tag='866'><subfield code='a'>v. 1</subfield><subfield code='0'>7278612</subfield></datafield><datafield ind1=' ' ind2=' ' tag='876'><subfield code='0'>7278612</subfield><subfield code='3'>v. 1</subfield><subfield code='a'>11880205</subfield><subfield code='h'>In Library Use</subfield><subfield code='j'>Available</subfield><subfield code='p'>33433012484881</subfield><subfield code='t'>1</subfield><subfield code='x'>Shared</subfield><subfield code='z'>NA</subfield><subfield code='l'>RECAP</subfield></datafield></record>