
<record><leader>01435cam a2200337 a 4500</leader><controlfield tag='001'>SCSB-4370691</controlfield><controlfield tag='003'>NNC</controlfield><controlfield tag='005'>20221020083653.0</controlfield><controlfield tag='008'>951114s1995    mdua     s   f000 0 eng d</controlfield><controlfield tag='009'>3596634</controlfield><datafield ind1=' ' ind2=' ' tag='035'><subfield code='a'>(OCoLC)ocm33474686</subfield></datafield><datafield ind1=' ' ind2=' ' tag='035'><subfield code='9'>ALE8371DC</subfield></datafield><datafield ind1=' ' ind2=' ' tag='035'><subfield code='a'>3596634</subfield></datafield><datafield ind1=' ' ind2=' ' tag='040'><subfield code='a'>GPO</subfield><subfield code='c'>GPO</subfield><subfield code='d'>DLC</subfield><subfield code='d'>MvI</subfield></datafield><datafield ind1=' ' ind2=' ' tag='043'><subfield code='a'>n-us---</subfield></datafield><datafield ind1=' ' ind2=' ' tag='074'><subfield code='a'>0507-J-01</subfield></datafield><datafield ind1='0' ind2=' ' tag='086'><subfield code='a'>HE 20.9302:ET 3</subfield></datafield><datafield ind1=' ' ind2=' ' tag='099'><subfield code='a'>HE 20.9302:ET 3</subfield></datafield><datafield ind1='1' ind2=' ' tag='100'><subfield code='a'>White, Maria.</subfield></datafield><datafield ind1='1' ind2='0' tag='245'><subfield code='a'>Bureau of Health Professions work force :</subfield><subfield code='b'>ethnic and gender profiles.</subfield></datafield><datafield ind1='3' ind2='0' tag='246'><subfield code='a'>Ethnic and gender profiles</subfield></datafield><datafield ind1=' ' ind2=' ' tag='260'><subfield code='a'>Rockville, MD (5600 Fishers Lane, Rockville, 20857) :</subfield><subfield code='b'>U.S. Department of Health &amp; Human Services, Public Health Service, Health Resources and Services Administration, Bureau of Health Professions,</subfield><subfield code='c'>[1995]</subfield></datafield><datafield ind1=' ' ind2=' ' tag='336'><subfield code='a'>text</subfield><subfield code='b'>txt</subfield><subfield code='2'>rdacontent</subfield></datafield><datafield ind1=' ' ind2=' ' tag='337'><subfield code='a'>unmediated</subfield><subfield code='b'>n</subfield><subfield code='2'>rdamedia</subfield></datafield><datafield ind1=' ' ind2=' ' tag='500'><subfield code='a'>Cover title.</subfield></datafield><datafield ind1=' ' ind2=' ' tag='500'><subfield code='a'>&quot;EEO FY 1994.&quot;</subfield></datafield><datafield ind1=' ' ind2=' ' tag='500'><subfield code='a'>&quot;This seventh annual BHPr Work Force Profiles serves as the annual EEO report&quot;--Prelim. p. [1].</subfield></datafield><datafield ind1=' ' ind2=' ' tag='500'><subfield code='a'>Shipping list no.: 96-0022-P.</subfield></datafield><datafield ind1=' ' ind2=' ' tag='500'><subfield code='a'>&quot;August 23, 1995&quot;--Prelim. p. [1].</subfield></datafield><datafield ind1='1' ind2='0' tag='610'><subfield code='a'>United States.</subfield><subfield code='b'>Health Resources and Services Administration.</subfield><subfield code='b'>Bureau of Health Professions</subfield><subfield code='x'>Officials and employees</subfield><subfield code='v'>Statistics.</subfield></datafield><datafield ind1='1' ind2=' ' tag='710'><subfield code='a'>United States.</subfield><subfield code='b'>Health Resources and Services Administration.</subfield><subfield code='b'>Bureau of Health Professions.</subfield><subfield code='0'>http://id.loc.gov/authorities/names/n83234235</subfield></datafield><datafield ind1=' ' ind2=' ' tag='901'><subfield code='a'>30c09f5c-fe03-442b-9807-bd9eee64dab8</subfield><subfield code='b'>9</subfield><subfield code='c'>false</subfield></datafield><datafield ind1='3' ind2='0' tag='852'><subfield code='h'>HE 20.9302:ET 3</subfield><subfield code='0'>4385188</subfield><subfield code='b'>scsbcul</subfield></datafield><datafield ind1=' ' ind2=' ' tag='876'><subfield code='0'>4385188</subfield><subfield code='a'>6347921</subfield><subfield code='h'> </subfield><subfield code='j'>Available</subfield><subfield code='p'>CU67083480</subfield><subfield code='t'>1</subfield><subfield code='x'>Open</subfield><subfield code='z'>GC</subfield><subfield code='l'>RECAP</subfield></datafield></record>