
<record><leader>01153nam a2200277 i 4500</leader><controlfield tag='001'>SCSB-10773861</controlfield><controlfield tag='005'>20020606090541.3</controlfield><controlfield tag='008'>770927s1977    dcuk     bs  f00010 eng  </controlfield><controlfield tag='009'>990008479170203941</controlfield><datafield ind1=' ' ind2=' ' tag='010'><subfield code='a'>^^^77603060^</subfield></datafield><datafield ind1=' ' ind2=' ' tag='035'><subfield code='a'>(OCoLC)3344492</subfield></datafield><datafield ind1=' ' ind2=' ' tag='040'><subfield code='a'>DLC</subfield><subfield code='c'>DLC</subfield></datafield><datafield ind1=' ' ind2=' ' tag='043'><subfield code='a'>n-us---</subfield></datafield><datafield ind1='1' ind2='4' tag='050'><subfield code='a'>HD4903.5.U58</subfield><subfield code='b'>A33 no. 54</subfield></datafield><datafield ind1='1' ind2=' ' tag='100'><subfield code='a'>McMillan, Kathleen A.</subfield></datafield><datafield ind1='1' ind2='0' tag='245'><subfield code='a'>Minorities and women in private industry, 1975 :</subfield><subfield code='b'>an analysis of EEO-1 employment /</subfield><subfield code='c'>prepared by Kathleen A. McMillan.</subfield></datafield><datafield ind1=' ' ind2=' ' tag='260'><subfield code='a'>Washington :</subfield><subfield code='b'>U.S. Equal Employment Opportunity Commission : for sale by the Supt. of Docs., U.S. Govt. Print. Off.,</subfield><subfield code='c'>1977.</subfield></datafield><datafield ind1=' ' ind2=' ' tag='300'><subfield code='a'>ix, 28, 11, 2 p. :</subfield><subfield code='b'>forms ;</subfield><subfield code='c'>28 cm.</subfield></datafield><datafield ind1='1' ind2=' ' tag='490'><subfield code='a'>Research report - Office of Planning, Research and Systems ;</subfield><subfield code='v'>no. 54</subfield></datafield><datafield ind1=' ' ind2=' ' tag='504'><subfield code='a'>Includes bibliographical references.</subfield></datafield><datafield ind1=' ' ind2='0' tag='650'><subfield code='a'>Minorities</subfield><subfield code='x'>Employment</subfield><subfield code='z'>United States</subfield></datafield><datafield ind1=' ' ind2='0' tag='650'><subfield code='a'>Women</subfield><subfield code='x'>Employment</subfield><subfield code='z'>United States.</subfield></datafield><datafield ind1=' ' ind2='0' tag='650'><subfield code='a'>Discrimination in employment</subfield><subfield code='z'>United States</subfield></datafield><datafield ind1='1' ind2=' ' tag='710'><subfield code='a'>United States.</subfield><subfield code='b'>Equal Employment Opportunity Commission.</subfield></datafield><datafield ind1='0' ind2='8' tag='776'><subfield code='i'>Online version:</subfield><subfield code='a'>McMillan, Kathleen A.</subfield><subfield code='t'>Minorities and women in private industry, 1975.</subfield><subfield code='d'>Washington : U.S. Equal Employment Opportunity Commission : For sale by the Supt. of Docs., U.S. Govt. Print. Off., 1977</subfield><subfield code='w'>(OCoLC)656890210</subfield></datafield><datafield ind1=' ' ind2='0' tag='830'><subfield code='a'>Research report (United States. Equal Employment Opportunity Commission)</subfield><subfield code='v'>no. 54.</subfield></datafield><datafield ind1='1' ind2=' ' tag='583'><subfield code='a'>committed to retain</subfield><subfield code='c'>20181001</subfield><subfield code='d'>in perpetuity</subfield><subfield code='f'>ReCAP Shared Collection</subfield><subfield code='5'>HUL</subfield><subfield code='8'>221772970620003941</subfield></datafield><datafield ind1='0' ind2=' ' tag='852'><subfield code='c'>HD</subfield><subfield code='h'>HD4903.5.U58</subfield><subfield code='i'>A48x no. 54</subfield><subfield code='0'>11563093</subfield><subfield code='b'>scsbhl</subfield></datafield><datafield ind1=' ' ind2=' ' tag='876'><subfield code='0'>11563093</subfield><subfield code='a'>17306569</subfield><subfield code='h'> </subfield><subfield code='j'>Available</subfield><subfield code='k'>WID</subfield><subfield code='p'>LI4SPM</subfield><subfield code='x'>Shared</subfield><subfield code='z'>HW</subfield><subfield code='l'>HD</subfield></datafield></record>