
<record><leader>01532cam a2200337 i 4500</leader><controlfield tag='001'>SCSB-4351477</controlfield><controlfield tag='003'>NNC</controlfield><controlfield tag='005'>20221020075708.0</controlfield><controlfield tag='008'>770830s1977    dcu          f000 0 eng d</controlfield><controlfield tag='009'>3468683</controlfield><datafield ind1=' ' ind2=' ' tag='020'><subfield code='c'>$2.00 (pbk. :)</subfield></datafield><datafield ind1=' ' ind2=' ' tag='035'><subfield code='a'>(OCoLC)ocm03231898</subfield></datafield><datafield ind1=' ' ind2=' ' tag='035'><subfield code='9'>AJF4800DC</subfield></datafield><datafield ind1=' ' ind2=' ' tag='035'><subfield code='a'>3468683</subfield></datafield><datafield ind1=' ' ind2=' ' tag='037'><subfield code='b'>20402</subfield></datafield><datafield ind1=' ' ind2=' ' tag='040'><subfield code='a'>GPO</subfield><subfield code='c'>GPO</subfield><subfield code='d'>MvI</subfield></datafield><datafield ind1=' ' ind2=' ' tag='043'><subfield code='a'>n-us---</subfield></datafield><datafield ind1=' ' ind2=' ' tag='074'><subfield code='a'>1059-A-1</subfield></datafield><datafield ind1='0' ind2=' ' tag='086'><subfield code='a'>Y 3.Eq 2:11/54</subfield></datafield><datafield ind1=' ' ind2=' ' tag='099'><subfield code='a'>Y 3.Eq 2:11/54</subfield></datafield><datafield ind1='1' ind2=' ' tag='100'><subfield code='a'>McMillan, Kathleen A.</subfield><subfield code='0'>http://id.loc.gov/authorities/names/n80104592</subfield></datafield><datafield ind1='1' ind2='0' tag='245'><subfield code='a'>Minorities and women in private industry, 1975 :</subfield><subfield code='b'>an analysis of EEO-1 employment /</subfield><subfield code='c'>prepared by Kathleen A. McMillan.</subfield></datafield><datafield ind1=' ' ind2=' ' tag='260'><subfield code='a'>Washington :</subfield><subfield code='b'>Equal Employment Opportunity Commission, Office of Planning, Research and Systems : for sale by the Supt. of Docs., U.S. Govt. Print. Off.,</subfield><subfield code='c'>1977.</subfield></datafield><datafield ind1=' ' ind2=' ' tag='336'><subfield code='a'>text</subfield><subfield code='b'>txt</subfield><subfield code='2'>rdacontent</subfield></datafield><datafield ind1=' ' ind2=' ' tag='337'><subfield code='a'>unmediated</subfield><subfield code='b'>n</subfield><subfield code='2'>rdamedia</subfield></datafield><datafield ind1='1' ind2=' ' tag='490'><subfield code='a'>Research report - U.S. Equal Employment Opportunity Commission ; no. 54</subfield></datafield><datafield ind1=' ' ind2='0' tag='650'><subfield code='a'>Minorities</subfield><subfield code='x'>Employment</subfield><subfield code='z'>United States.</subfield><subfield code='0'>http://id.loc.gov/authorities/subjects/sh2008107834</subfield></datafield><datafield ind1=' ' ind2='0' tag='650'><subfield code='a'>Women</subfield><subfield code='x'>Employment</subfield><subfield code='z'>United States.</subfield><subfield code='0'>http://id.loc.gov/authorities/subjects/sh2008113341</subfield></datafield><datafield ind1='1' ind2=' ' tag='710'><subfield code='a'>United States.</subfield><subfield code='b'>Equal Employment Opportunity Commission.</subfield><subfield code='b'>Office of Planning, Research and Systems.</subfield></datafield><datafield ind1='0' ind2=' ' tag='740'><subfield code='a'>Analysis of EEO-1 employment.</subfield></datafield><datafield ind1=' ' ind2='0' tag='830'><subfield code='a'>Research report (United States. Equal Employment Opportunity Commission) ;</subfield><subfield code='v'>no. 54.</subfield><subfield code='0'>http://id.loc.gov/authorities/names/n83734114</subfield></datafield><datafield ind1='3' ind2='0' tag='852'><subfield code='h'>Y 3.Eq 2:11/54</subfield><subfield code='0'>4365961</subfield><subfield code='b'>scsbcul</subfield></datafield><datafield ind1=' ' ind2=' ' tag='876'><subfield code='0'>4365961</subfield><subfield code='a'>6321409</subfield><subfield code='h'> </subfield><subfield code='j'>Available</subfield><subfield code='p'>CU66078784</subfield><subfield code='t'>1</subfield><subfield code='x'>Shared</subfield><subfield code='z'>GC</subfield><subfield code='l'>RECAP</subfield></datafield></record>