
<record><leader>01474nam a2200361 i 4500</leader><controlfield tag='001'>SCSB-15234760</controlfield><controlfield tag='005'>20251224122726.4</controlfield><controlfield tag='008'>250712s2025    ua ab    b    000 0 ara d</controlfield><controlfield tag='009'>in00034087882</controlfield><datafield ind1=' ' ind2=' ' tag='020'><subfield code='a'>9789777518642</subfield></datafield><datafield ind1=' ' ind2=' ' tag='035'><subfield code='a'>157842</subfield></datafield><datafield ind1=' ' ind2=' ' tag='040'><subfield code='a'>EG-CaLB</subfield><subfield code='b'>eng</subfield><subfield code='e'>rda</subfield><subfield code='c'>EG-CaLB</subfield></datafield><datafield ind1=' ' ind2=' ' tag='043'><subfield code='a'>f-tz---</subfield><subfield code='a'>a-mk---</subfield></datafield><datafield ind1=' ' ind2='4' tag='050'><subfield code='a'>DT449.Z27</subfield><subfield code='b'>.H3 2025</subfield></datafield><datafield ind1='1' ind2=' ' tag='100'><subfield code='6'>880-01</subfield><subfield code='a'>Ḥaḍramīyah, Farīdah bint Khalīfah,</subfield><subfield code='e'>author.</subfield></datafield><datafield ind1='1' ind2=' ' tag='880'><subfield code='6'>100-01/(3/r</subfield><subfield code='a'>حضرمية، فريدة بنت خليفة.</subfield></datafield><datafield ind1='1' ind2='0' tag='245'><subfield code='6'>880-02</subfield><subfield code='a'>ʻUmānī bār fī Zanjibār :</subfield><subfield code='b'>ʻalāqat ʻUmān wa-Zanjibār ʻabra al-zamān /</subfield><subfield code='c'>D. Farīdah bint Khalīfah al-Ḥaḍramīyah.</subfield></datafield><datafield ind1='1' ind2='0' tag='880'><subfield code='6'>245-02/(3/r</subfield><subfield code='a'>عماني بار في زنجبار :</subfield><subfield code='b'>علاقة عمان وزنجبار عبر الزمان /</subfield><subfield code='c'>د. فريدة بنت خليفة الحضرمية.</subfield></datafield><datafield ind1=' ' ind2='1' tag='264'><subfield code='6'>880-03</subfield><subfield code='a'>al-Qāhirah :</subfield><subfield code='b'>Rawāfid lil-Nashr wa-al-Tawzīʻ,</subfield><subfield code='c'>2025.</subfield></datafield><datafield ind1=' ' ind2='1' tag='880'><subfield code='6'>264-03/(3/r</subfield><subfield code='a'>القاهرة :</subfield><subfield code='b'>روافد للنشر والتوزيع،</subfield><subfield code='c'>2025.</subfield></datafield><datafield ind1=' ' ind2=' ' tag='300'><subfield code='a'>230 pages :</subfield><subfield code='b'>illustrations, map ;</subfield><subfield code='c'>24 cm</subfield></datafield><datafield ind1=' ' ind2=' ' tag='336'><subfield code='a'>text</subfield><subfield code='b'>txt</subfield><subfield code='2'>rdacontent</subfield></datafield><datafield ind1=' ' ind2=' ' tag='337'><subfield code='a'>unmediated</subfield><subfield code='b'>n</subfield><subfield code='2'>rdamedia</subfield></datafield><datafield ind1=' ' ind2=' ' tag='338'><subfield code='a'>volume</subfield><subfield code='b'>nc</subfield><subfield code='2'>rdacarrier</subfield></datafield><datafield ind1=' ' ind2=' ' tag='504'><subfield code='a'>Includes bibliographical references (pages 216-228).</subfield></datafield><datafield ind1=' ' ind2='0' tag='651'><subfield code='a'>Oman</subfield><subfield code='x'>History.</subfield></datafield><datafield ind1=' ' ind2='0' tag='651'><subfield code='a'>Oman</subfield><subfield code='x'>Relations</subfield><subfield code='z'>Tanzania</subfield><subfield code='z'>Zanzibar.</subfield></datafield><datafield ind1=' ' ind2='0' tag='651'><subfield code='a'>Zanzibar</subfield><subfield code='x'>History.</subfield></datafield><datafield ind1=' ' ind2='0' tag='651'><subfield code='a'>Zanzibar</subfield><subfield code='x'>Relations</subfield><subfield code='z'>Oman.</subfield></datafield><datafield ind1=' ' ind2=' ' tag='948'><subfield code='a'>20251223</subfield><subfield code='b'>STATCPY</subfield><subfield code='c'>lbk1</subfield><subfield code='d'>MPB</subfield></datafield><datafield ind1=' ' ind2=' ' tag='949'><subfield code='i'>CU29898617</subfield></datafield><datafield ind1=' ' ind2=' ' tag='960'><subfield code='f'>34205/25</subfield><subfield code='s'>10.00</subfield><subfield code='t'>glx4off</subfield><subfield code='u'>2576APB</subfield></datafield><datafield ind1=' ' ind2=' ' tag='901'><subfield code='a'>d5fa8e2a-ae9a-472f-ab1d-6fcb3a236310</subfield><subfield code='b'>17</subfield><subfield code='c'>false</subfield></datafield><datafield ind1='0' ind2='0' tag='852'><subfield code='0'>16330433</subfield><subfield code='h'>DT449.Z27</subfield><subfield code='i'>.H3 2025g</subfield><subfield code='b'>scsbcul</subfield></datafield><datafield ind1=' ' ind2=' ' tag='876'><subfield code='0'>16330433</subfield><subfield code='a'>23077859</subfield><subfield code='j'>Available</subfield><subfield code='p'>CU29898617</subfield><subfield code='t'>0</subfield><subfield code='x'>Open</subfield><subfield code='z'>CU</subfield><subfield code='l'>RECAP</subfield></datafield></record>