
<record><leader>01892pam a2200325 a 4500</leader><controlfield tag='001'>SCSB-5064690</controlfield><controlfield tag='003'>NNC</controlfield><controlfield tag='005'>20221103043045.0</controlfield><controlfield tag='008'>030910t20042004njua     b    001 0 eng  </controlfield><controlfield tag='009'>4822581</controlfield><datafield ind1=' ' ind2=' ' tag='010'><subfield code='a'>  2003020098</subfield></datafield><datafield ind1=' ' ind2=' ' tag='020'><subfield code='a'>0813534194 (alk. paper)</subfield></datafield><datafield ind1=' ' ind2=' ' tag='020'><subfield code='a'>0813534208 (pbk. : alk. paper)</subfield></datafield><datafield ind1=' ' ind2=' ' tag='035'><subfield code='a'>(OCoLC)ocm53019507</subfield></datafield><datafield ind1=' ' ind2=' ' tag='035'><subfield code='a'>(NNC)4822581</subfield></datafield><datafield ind1=' ' ind2=' ' tag='035'><subfield code='a'>4822581</subfield></datafield><datafield ind1=' ' ind2=' ' tag='040'><subfield code='a'>DLC</subfield><subfield code='c'>DLC</subfield><subfield code='d'>YDX</subfield><subfield code='d'>OrLoB-B</subfield></datafield><datafield ind1=' ' ind2=' ' tag='043'><subfield code='a'>a-is---</subfield></datafield><datafield ind1='0' ind2='0' tag='050'><subfield code='a'>PN1992.3.I75</subfield><subfield code='b'>O74 2004</subfield></datafield><datafield ind1='0' ind2='0' tag='082'><subfield code='a'>384.55/095694</subfield><subfield code='2'>22</subfield></datafield><datafield ind1='1' ind2=' ' tag='100'><subfield code='a'>Oren, Tasha G.</subfield><subfield code='0'>http://id.loc.gov/authorities/names/n2003049006</subfield></datafield><datafield ind1='1' ind2='0' tag='245'><subfield code='a'>Demon in the box :</subfield><subfield code='b'>Jews, Arabs, politics, and culture in the making of Israeli television /</subfield><subfield code='c'>Tasha G. Oren.</subfield></datafield><datafield ind1=' ' ind2=' ' tag='260'><subfield code='a'>New Brunswick, N.J. :</subfield><subfield code='b'>Rutgers University Press,</subfield><subfield code='c'>[2004], ©2004.</subfield></datafield><datafield ind1=' ' ind2=' ' tag='300'><subfield code='a'>x, 220 pages :</subfield><subfield code='b'>illustrations ;</subfield><subfield code='c'>24 cm</subfield></datafield><datafield ind1=' ' ind2=' ' tag='336'><subfield code='a'>text</subfield><subfield code='b'>txt</subfield><subfield code='2'>rdacontent</subfield></datafield><datafield ind1=' ' ind2=' ' tag='337'><subfield code='a'>unmediated</subfield><subfield code='b'>n</subfield><subfield code='2'>rdamedia</subfield></datafield><datafield ind1=' ' ind2=' ' tag='504'><subfield code='a'>Includes bibliographical references (p. [199]-216) and index.</subfield></datafield><datafield ind1='0' ind2='0' tag='505'><subfield code='g'>Pt. 1.</subfield><subfield code='t'>Telespeculations : debating Israeli television --</subfield><subfield code='g'>1.</subfield><subfield code='t'>Mere glints and refractions : the uses of prehistory and the origins of the television discourse --</subfield><subfield code='g'>2.</subfield><subfield code='t'>Broadcasting through the back door : three models for Israeli television --</subfield><subfield code='g'>3.</subfield><subfield code='t'>The belly-dancer strategy : Israeli educational television and its alternatives --</subfield><subfield code='g'>Pt. 2.</subfield><subfield code='t'>Image and nation : broadcasting in conflict --</subfield><subfield code='g'>4.</subfield><subfield code='t'>Clenched fist and open palm : the Six Day War, the combat radio formula, and the launch of general television --</subfield><subfield code='g'>5.</subfield><subfield code='t'>Jewish television or Mickey Mouse culture? The 1969 election and the sabbath debate --</subfield><subfield code='g'>6.</subfield><subfield code='t'>Good for the Jews : airing national guilt and the Hirbat Hizaa affair --</subfield><subfield code='t'>Conclusion : on televisual imagination.</subfield></datafield><datafield ind1=' ' ind2='0' tag='650'><subfield code='a'>Television broadcasting</subfield><subfield code='z'>Israel.</subfield></datafield><datafield ind1='0' ind2='0' tag='852'><subfield code='h'>PN1992.3.I75 O74 2004</subfield><subfield code='0'>5048882</subfield><subfield code='b'>scsbcul</subfield></datafield><datafield ind1=' ' ind2=' ' tag='876'><subfield code='0'>5048882</subfield><subfield code='a'>7595653</subfield><subfield code='h'> </subfield><subfield code='j'>Available</subfield><subfield code='p'>CU62021680</subfield><subfield code='t'>1</subfield><subfield code='x'>Shared</subfield><subfield code='z'>CU</subfield><subfield code='l'>RECAP</subfield></datafield></record>