
<record><leader>03237cam a2200469 i 4500</leader><controlfield tag='001'>SCSB-15242200</controlfield><controlfield tag='005'>20250722165622.2</controlfield><controlfield tag='008'>231208t20242024nyua     b    001 0 eng  </controlfield><controlfield tag='009'>18859236</controlfield><datafield ind1=' ' ind2=' ' tag='010'><subfield code='a'>  2023054685</subfield></datafield><datafield ind1=' ' ind2=' ' tag='020'><subfield code='a'>9780231212267</subfield><subfield code='q'>hardcover</subfield></datafield><datafield ind1=' ' ind2=' ' tag='020'><subfield code='a'>0231212267</subfield><subfield code='q'>hardcover</subfield></datafield><datafield ind1=' ' ind2=' ' tag='020'><subfield code='a'>9780231212274</subfield><subfield code='q'>trade paperback</subfield></datafield><datafield ind1=' ' ind2=' ' tag='020'><subfield code='a'>0231212275</subfield><subfield code='q'>trade paperback</subfield></datafield><datafield ind1=' ' ind2=' ' tag='020'><subfield code='z'>9780231559294</subfield><subfield code='q'>electronic book</subfield></datafield><datafield ind1=' ' ind2=' ' tag='035'><subfield code='a'>(OCoLC)1414176058</subfield></datafield><datafield ind1=' ' ind2=' ' tag='040'><subfield code='a'>DLC</subfield><subfield code='b'>eng</subfield><subfield code='e'>rda</subfield><subfield code='c'>DLC</subfield><subfield code='d'>OCLCF</subfield><subfield code='d'>YDX</subfield><subfield code='d'>OCLCO</subfield><subfield code='d'>NNC</subfield></datafield><datafield ind1='1' ind2=' ' tag='041'><subfield code='a'>eng</subfield><subfield code='h'>jpn</subfield></datafield><datafield ind1=' ' ind2=' ' tag='042'><subfield code='a'>pcc</subfield></datafield><datafield ind1=' ' ind2=' ' tag='049'><subfield code='a'>ZCUA</subfield></datafield><datafield ind1='0' ind2='0' tag='050'><subfield code='a'>PN2924.5.N6</subfield><subfield code='b'>M413 2024</subfield></datafield><datafield ind1='0' ind2='0' tag='082'><subfield code='a'>792.0952</subfield><subfield code='2'>23/eng/20231213</subfield></datafield><datafield ind1='1' ind2=' ' tag='100'><subfield code='a'>Matsuoka, Shinpei,</subfield><subfield code='e'>author.</subfield><subfield code='4'>http://id.loc.gov/vocabulary/relators/aut</subfield><subfield code='0'>http://id.loc.gov/authorities/names/nr92008049</subfield></datafield><datafield ind1='1' ind2='0' tag='240'><subfield code='a'>Utage no shintai.</subfield><subfield code='l'>English</subfield><subfield code='0'>http://id.loc.gov/authorities/names/n2023071229</subfield></datafield><datafield ind1='1' ind2='0' tag='245'><subfield code='a'>Embodied performance :</subfield><subfield code='b'>warriors, dancers, and the origins of noh theater /</subfield><subfield code='c'>Matsuoka Shinpei ; translated by Janet Goff ; foreword by Haruo Shirane.</subfield></datafield><datafield ind1=' ' ind2='1' tag='264'><subfield code='a'>New York :</subfield><subfield code='b'>Columbia University Press,</subfield><subfield code='c'>[2024]</subfield></datafield><datafield ind1=' ' ind2='4' tag='264'><subfield code='c'>©2024</subfield></datafield><datafield ind1=' ' ind2=' ' tag='300'><subfield code='a'>xxvii, 296 pages :</subfield><subfield code='b'>illustrations ;</subfield><subfield code='c'>22 cm</subfield></datafield><datafield ind1=' ' ind2=' ' tag='336'><subfield code='a'>text</subfield><subfield code='b'>txt</subfield><subfield code='2'>rdacontent</subfield></datafield><datafield ind1=' ' ind2=' ' tag='337'><subfield code='a'>unmediated</subfield><subfield code='b'>n</subfield><subfield code='2'>rdamedia</subfield></datafield><datafield ind1=' ' ind2=' ' tag='338'><subfield code='a'>volume</subfield><subfield code='b'>nc</subfield><subfield code='2'>rdacarrier</subfield></datafield><datafield ind1=' ' ind2=' ' tag='504'><subfield code='a'>Includes bibliographical references (pages [259]-275) and index.</subfield></datafield><datafield ind1=' ' ind2=' ' tag='520'><subfield code='a'>&quot;A study of the origins of noh theater. The first part of the book delves into the performance forms and religious, political, and cultural conditions that shaped sarugaku (the early form of noh), whose roots lay in the performance of religious rituals to exorcise demons. The second part of the book focuses on the transformation of sarugaku into a high art by the great actor, playwright, and theoretician Zeami Motokiyo (1363-1443). The contents are enlivened by colorful quotations from a wide array of contemporary sources, including diaries, narrative tales, and illustrated picture scrolls, that open up a window onto medieval Japanese culture. The translation aims to make the book accessible to a theater audience as well as a Japan-focused one; explanations of technical terms and background information have been woven into the text, and endnotes, a glossary, index, and bibliography have been added. The endnotes provide supplementary information, as well as giving the location of Japanese sources. Existing English translations of literary and historical works are also noted&quot;--</subfield><subfield code='c'>Provided by publisher.</subfield></datafield><datafield ind1=' ' ind2='0' tag='650'><subfield code='a'>Nō</subfield><subfield code='x'>History.</subfield><subfield code='0'>http://id.loc.gov/authorities/subjects/sh2010103767</subfield></datafield><datafield ind1=' ' ind2='7' tag='650'><subfield code='a'>Nō.</subfield><subfield code='2'>fast</subfield><subfield code='0'>(OCoLC)fst01042524</subfield></datafield><datafield ind1=' ' ind2='7' tag='655'><subfield code='a'>History.</subfield><subfield code='2'>fast</subfield><subfield code='0'>(OCoLC)fst01411628</subfield></datafield><datafield ind1='1' ind2=' ' tag='700'><subfield code='a'>Goff, Janet Emily,</subfield><subfield code='e'>translator.</subfield><subfield code='4'>http://id.loc.gov/vocabulary/relators/trl</subfield><subfield code='0'>http://id.loc.gov/authorities/names/nr87000978</subfield></datafield><datafield ind1='1' ind2=' ' tag='700'><subfield code='a'>Shirane, Haruo,</subfield><subfield code='d'>1951-</subfield><subfield code='e'>writer of foreword.</subfield><subfield code='0'>http://id.loc.gov/authorities/names/n85255015</subfield></datafield><datafield ind1='0' ind2='8' tag='776'><subfield code='i'>Online version:</subfield><subfield code='a'>Matsuoka, Shinpei.</subfield><subfield code='t'>Embodied performance</subfield><subfield code='d'>New York : Columbia University Press, 2024</subfield><subfield code='z'>9780231559294</subfield><subfield code='w'>(DLC)  2023054686</subfield></datafield><datafield ind1=' ' ind2=' ' tag='900'><subfield code='a'>MARS</subfield></datafield><datafield ind1='1' ind2=' ' tag='948'><subfield code='a'>20240905</subfield><subfield code='b'>c</subfield><subfield code='c'>rad1</subfield><subfield code='d'>MPS</subfield></datafield><datafield ind1=' ' ind2=' ' tag='994'><subfield code='a'>C0</subfield><subfield code='b'>ZCU</subfield></datafield><datafield ind1=' ' ind2=' ' tag='901'><subfield code='a'>c8e7376b-4abb-40b4-90b2-cd270b30b7bb</subfield><subfield code='b'>29</subfield><subfield code='c'>false</subfield></datafield><datafield ind1='0' ind2='0' tag='852'><subfield code='0'>16338345</subfield><subfield code='h'>PN2924.5.N6</subfield><subfield code='i'>M413 2024</subfield><subfield code='b'>scsbcul</subfield></datafield><datafield ind1=' ' ind2=' ' tag='876'><subfield code='0'>16338345</subfield><subfield code='a'>23087585</subfield><subfield code='j'>Available</subfield><subfield code='p'>CU30332915</subfield><subfield code='t'>0</subfield><subfield code='x'>Open</subfield><subfield code='z'>CU</subfield><subfield code='l'>RECAP</subfield></datafield></record>