
<record><leader>00000cam  2200553 a 4500</leader><controlfield tag='001'>SCSB-9090676</controlfield><controlfield tag='003'>OCoLC</controlfield><controlfield tag='005'>20110315102938.0</controlfield><controlfield tag='008'>840627s1984    pl af    bc   001 0 eng  cam a </controlfield><controlfield tag='009'>.b157060639</controlfield><datafield ind1='1' ind2=' ' tag='100'><subfield code='a'>Rosińska, Grażyna.</subfield></datafield><datafield ind1=' ' ind2='0' tag='650'><subfield code='a'>Science</subfield><subfield code='x'>Early works to 1800</subfield><subfield code='v'>Bibliography</subfield><subfield code='v'>Catalogs.</subfield></datafield><datafield ind1=' ' ind2='0' tag='650'><subfield code='a'>Astronomy</subfield><subfield code='v'>Tables</subfield><subfield code='x'>Early works to 1800</subfield><subfield code='v'>Bibliography</subfield><subfield code='v'>Catalogs.</subfield></datafield><datafield ind1=' ' ind2='0' tag='650'><subfield code='a'>Manuscripts, Latin (Medieval and modern)</subfield><subfield code='z'>Poland</subfield><subfield code='z'>Kraków</subfield><subfield code='v'>Catalogs.</subfield></datafield><datafield ind1=' ' ind2='0' tag='651'><subfield code='a'>Kraków (Poland)</subfield><subfield code='x'>Intellectual life</subfield><subfield code='v'>Bibliography</subfield><subfield code='v'>Catalogs.</subfield></datafield><datafield ind1='2' ind2='0' tag='610'><subfield code='a'>Biblioteka Jagiellońska</subfield><subfield code='v'>Catalogs.</subfield></datafield><datafield ind1=' ' ind2=' ' tag='020'><subfield code='a'>8304012561</subfield></datafield><datafield ind1=' ' ind2=' ' tag='020'><subfield code='a'>9788304012561</subfield></datafield><datafield ind1=' ' ind2=' ' tag='010'><subfield code='a'>   84178737</subfield></datafield><datafield ind1=' ' ind2=' ' tag='500'><subfield code='a'>English and Latin.</subfield></datafield><datafield ind1=' ' ind2=' ' tag='500'><subfield code='a'>Errata slip inserted.</subfield></datafield><datafield ind1=' ' ind2=' ' tag='500'><subfield code='a'>Includes indexes.</subfield></datafield><datafield ind1=' ' ind2=' ' tag='260'><subfield code='a'>Wrocław :</subfield><subfield code='b'>Ossolineum, Polish Academy of Sciences Press,</subfield><subfield code='c'>1984.</subfield></datafield><datafield ind1=' ' ind2=' ' tag='300'><subfield code='a'>561 p., 44 p. of plates :</subfield><subfield code='b'>ill. ;</subfield><subfield code='c'>25 cm.</subfield></datafield><datafield ind1='1' ind2=' ' tag='490'><subfield code='a'>Studia Copernicana,</subfield><subfield code='x'>0081-6701 ;</subfield><subfield code='v'>22</subfield></datafield><datafield ind1=' ' ind2='0' tag='830'><subfield code='a'>Studia Copernicana ;</subfield><subfield code='v'>22.</subfield></datafield><datafield ind1='1' ind2='0' tag='245'><subfield code='a'>Scientific writings and astronomical tables in Cracow :</subfield><subfield code='b'>a census of manuscript sources (XIVth-XVIth centuries) /</subfield><subfield code='c'>Grażyna Rosińska.</subfield></datafield><datafield ind1='0' ind2='8' tag='776'><subfield code='i'>Online version:</subfield><subfield code='a'>Rosińska, Grażyna.</subfield><subfield code='t'>Scientific writings and astronomical tables in Cracow.</subfield><subfield code='d'>Wrocław : Ossolineum, Polish Academy of Sciences Press, 1984</subfield><subfield code='w'>(OCoLC)610119104</subfield></datafield><datafield ind1=' ' ind2=' ' tag='040'><subfield code='a'>DLC</subfield><subfield code='c'>DLC</subfield><subfield code='d'>OCLCQ</subfield><subfield code='d'>NLGGC</subfield><subfield code='d'>BTCTA</subfield><subfield code='d'>HEBIS</subfield><subfield code='d'>ZWZ</subfield><subfield code='d'>NYP</subfield></datafield><datafield ind1='0' ind2=' ' tag='041'><subfield code='a'>englat</subfield></datafield><datafield ind1=' ' ind2=' ' tag='043'><subfield code='a'>e-pl---</subfield></datafield><datafield ind1=' ' ind2=' ' tag='049'><subfield code='a'>NYPP</subfield></datafield><datafield ind1='0' ind2='0' tag='050'><subfield code='a'>Z7402</subfield><subfield code='b'>.R67 1984</subfield><subfield code='a'>Q155</subfield></datafield><datafield ind1='0' ind2='0' tag='908'><subfield code='a'>Z7402</subfield><subfield code='b'>.R67 1984</subfield><subfield code='a'>Q155</subfield></datafield><datafield ind1='0' ind2='0' tag='082'><subfield code='a'>016.5</subfield><subfield code='2'>19</subfield></datafield><datafield ind1=' ' ind2=' ' tag='084'><subfield code='a'>06.14</subfield><subfield code='2'>bcl</subfield></datafield><datafield ind1=' ' ind2=' ' tag='901'><subfield code='a'>mnm</subfield><subfield code='b'>CMC</subfield><subfield code='c'>CATRL</subfield></datafield><datafield ind1=' ' ind2=' ' tag='901'><subfield code='a'>MARS</subfield></datafield><datafield ind1=' ' ind2=' ' tag='945'><subfield code='a'>.b157060639</subfield></datafield><datafield ind1=' ' ind2=' ' tag='946'><subfield code='a'>m</subfield></datafield><datafield ind1=' ' ind2='1' tag='949'><subfield code='z'>8528</subfield><subfield code='a'>JSE 11-25</subfield><subfield code='i'>33433090541412</subfield><subfield code='l'>SLR32</subfield><subfield code='s'>b</subfield><subfield code='t'>055</subfield><subfield code='h'>34</subfield><subfield code='o'>1</subfield><subfield code='v'>CATRL/CMC/mnm</subfield></datafield><datafield ind1='0' ind2='0' tag='907'><subfield code='a'>.b157060639</subfield></datafield><datafield ind1=' ' ind2=' ' tag='035'><subfield code='a'>(OCoLC)11346163</subfield></datafield><datafield ind1='8' ind2=' ' tag='852'><subfield code='h'>JSE 11-25</subfield><subfield code='0'>9324716</subfield><subfield code='b'>scsbnypl</subfield></datafield><datafield ind1=' ' ind2=' ' tag='876'><subfield code='0'>9324716</subfield><subfield code='a'>14975066</subfield><subfield code='j'>Available</subfield><subfield code='p'>33433090541412</subfield><subfield code='t'>1</subfield><subfield code='x'>Shared</subfield><subfield code='z'>NA</subfield><subfield code='l'>RECAP</subfield></datafield></record>