
<record><leader>00000nam  2200277I  4500</leader><controlfield tag='001'>SCSB-8597246</controlfield><controlfield tag='003'>OCoLC</controlfield><controlfield tag='005'>19990226115426.0</controlfield><controlfield tag='008'>761130s1900    nyu           000 0 eng  namI  </controlfield><controlfield tag='009'>.b137004357</controlfield><datafield ind1='1' ind2=' ' tag='100'><subfield code='a'>Mathews, F. Schuyler</subfield><subfield code='q'>(Ferdinand Schuyler),</subfield><subfield code='d'>1854-1938.</subfield></datafield><datafield ind1='2' ind2=' ' tag='791'><subfield code='a'>New York Genealogical and Biographical Society Collection.</subfield></datafield><datafield ind1=' ' ind2='0' tag='650'><subfield code='a'>Bookplates.</subfield></datafield><datafield ind1=' ' ind2='0' tag='650'><subfield code='a'>Heraldry.</subfield></datafield><datafield ind1=' ' ind2='0' tag='650'><subfield code='a'>Stationery.</subfield></datafield><datafield ind1=' ' ind2='0' tag='650'><subfield code='a'>Seals (Numismatics)</subfield></datafield><datafield ind1=' ' ind2=' ' tag='010'><subfield code='a'>00001471</subfield></datafield><datafield ind1='1' ind2=' ' tag='541'><subfield code='c'>Gift;</subfield><subfield code='a'>New York Genealogical and Biographical Society;</subfield><subfield code='d'>2008.</subfield></datafield><datafield ind1=' ' ind2=' ' tag='260'><subfield code='a'>New York,</subfield><subfield code='b'>Brentano&apos;s,</subfield><subfield code='c'>1900.</subfield></datafield><datafield ind1=' ' ind2=' ' tag='300'><subfield code='a'>178 p. :</subfield><subfield code='b'>ill. ;</subfield><subfield code='c'>22 cm.</subfield></datafield><datafield ind1='1' ind2='4' tag='245'><subfield code='a'>The writing table of the twentieth century;</subfield><subfield code='b'>being an account of heraldry, art, engraving &amp; established form for the correspondent,</subfield><subfield code='c'>by F. Schuyler Mathews... With over three hundred illustrations by the author and the herldic blazonary of more than five hundred colonial American families.</subfield></datafield><datafield ind1='0' ind2=' ' tag='799'><subfield code='a'>Gift of New York Genealogical and Biographical Society.</subfield></datafield><datafield ind1=' ' ind2=' ' tag='040'><subfield code='a'>DLC</subfield><subfield code='c'>OHI</subfield><subfield code='d'>NYP</subfield><subfield code='d'>WaOLN</subfield></datafield><datafield ind1=' ' ind2=' ' tag='049'><subfield code='a'>NYPL</subfield></datafield><datafield ind1=' ' ind2='0' tag='050'><subfield code='a'>CR23</subfield><subfield code='b'>.M4</subfield></datafield><datafield ind1=' ' ind2=' ' tag='901'><subfield code='a'>wl</subfield><subfield code='b'>cmc</subfield></datafield><datafield ind1=' ' ind2='0' tag='908'><subfield code='a'>CR23</subfield><subfield code='b'>.M4</subfield></datafield><datafield ind1=' ' ind2=' ' tag='946'><subfield code='a'>r</subfield></datafield><datafield ind1=' ' ind2=' ' tag='997'><subfield code='a'>hh</subfield><subfield code='b'>08-31-99</subfield><subfield code='c'>m</subfield><subfield code='d'>a</subfield><subfield code='e'>-</subfield><subfield code='f'>eng</subfield><subfield code='g'>nyu</subfield><subfield code='h'>4</subfield></datafield><datafield ind1=' ' ind2=' ' tag='910'><subfield code='a'>RL</subfield></datafield><datafield ind1='0' ind2='0' tag='907'><subfield code='a'>.b137004357</subfield></datafield><datafield ind1=' ' ind2=' ' tag='035'><subfield code='a'>(OCoLC)2586844</subfield></datafield><datafield ind1=' ' ind2=' ' tag='901'><subfield code='a'>4c369fcb-8364-4b78-a3a2-8e76dfcc40a8</subfield><subfield code='b'>13</subfield><subfield code='c'>false</subfield></datafield><datafield ind1='8' ind2=' ' tag='852'><subfield code='h'>NYGB CR 23 M4</subfield><subfield code='0'>8756139</subfield><subfield code='b'>scsbnypl</subfield></datafield><datafield ind1=' ' ind2=' ' tag='876'><subfield code='0'>8756139</subfield><subfield code='a'>14308043</subfield><subfield code='h'>In Library Use</subfield><subfield code='j'>Available</subfield><subfield code='p'>33433083710933</subfield><subfield code='t'>1</subfield><subfield code='x'>Open</subfield><subfield code='z'>NA</subfield><subfield code='l'>RECAP</subfield></datafield></record>