
<record><leader>00000cam a2200349 i 4500</leader><controlfield tag='001'>SCSB-12064350</controlfield><controlfield tag='005'>20171207102155.0</controlfield><controlfield tag='008'>171010s2017    cl            000 j spa  </controlfield><controlfield tag='009'>990151422580203941</controlfield><datafield ind1=' ' ind2=' ' tag='020'><subfield code='a'>9563650409</subfield></datafield><datafield ind1=' ' ind2=' ' tag='020'><subfield code='a'>9789563650402</subfield></datafield><datafield ind1=' ' ind2=' ' tag='035'><subfield code='a'>(OCoLC)1005739134</subfield></datafield><datafield ind1=' ' ind2=' ' tag='040'><subfield code='a'>IQU</subfield><subfield code='b'>eng</subfield><subfield code='e'>rda</subfield><subfield code='c'>IQU</subfield><subfield code='d'>IQU</subfield><subfield code='d'>OCLCF</subfield></datafield><datafield ind1=' ' ind2=' ' tag='042'><subfield code='a'>pcc</subfield></datafield><datafield ind1=' ' ind2=' ' tag='043'><subfield code='a'>s-cl---</subfield></datafield><datafield ind1=' ' ind2='4' tag='050'><subfield code='a'>PQ8098.23.E459</subfield><subfield code='b'>M66 2017</subfield></datafield><datafield ind1='1' ind2=' ' tag='100'><subfield code='a'>Mellado, Marcelo,</subfield><subfield code='d'>1955-</subfield><subfield code='e'>author.</subfield></datafield><datafield ind1='1' ind2='0' tag='245'><subfield code='a'>Monroe /</subfield><subfield code='c'>Marcelo Mellado.</subfield></datafield><datafield ind1=' ' ind2=' ' tag='250'><subfield code='a'>Primera edición.</subfield></datafield><datafield ind1=' ' ind2='1' tag='264'><subfield code='a'>Santiago de Chile :</subfield><subfield code='b'>Hueders,</subfield><subfield code='c'>2017.</subfield></datafield><datafield ind1=' ' ind2=' ' tag='300'><subfield code='a'>125 pages ;</subfield><subfield code='c'>22 cm</subfield></datafield><datafield ind1=' ' ind2=' ' tag='336'><subfield code='a'>text</subfield><subfield code='b'>txt</subfield><subfield code='2'>rdacontent</subfield></datafield><datafield ind1=' ' ind2=' ' tag='337'><subfield code='a'>unmediated</subfield><subfield code='b'>n</subfield><subfield code='2'>rdamedia</subfield></datafield><datafield ind1=' ' ind2=' ' tag='338'><subfield code='a'>volume</subfield><subfield code='b'>nc</subfield><subfield code='2'>rdacarrier</subfield></datafield><datafield ind1='0' ind2=' ' tag='505'><subfield code='a'>Se viene un mundo -- Sucesos en la frontera -- Los hermanos de la costa -- Camino a Pampa Seca -- Desembarco y la otra guerra -- El derrotero de la altiplanicie -- La gran urbe -- El regreso -- La batalla fluvial y empredimientos.</subfield></datafield><datafield ind1=' ' ind2='7' tag='648'><subfield code='a'>2000-2099</subfield><subfield code='2'>fast</subfield></datafield><datafield ind1=' ' ind2='0' tag='650'><subfield code='a'>Short stories, Chilean</subfield><subfield code='y'>21st century.</subfield></datafield><datafield ind1=' ' ind2='7' tag='650'><subfield code='a'>Short stories, Chilean</subfield><subfield code='2'>fast</subfield><subfield code='0'>(OCoLC)fst01117141</subfield></datafield><datafield ind1=' ' ind2='7' tag='655'><subfield code='a'>Short stories</subfield><subfield code='2'>fast</subfield><subfield code='0'>(OCoLC)fst01726740</subfield></datafield><datafield ind1=' ' ind2='7' tag='655'><subfield code='a'>Short stories</subfield><subfield code='2'>lcgft</subfield></datafield><datafield ind1=' ' ind2='0' tag='830'><subfield code='a'>Hueders Libros (Editorial Hueders)</subfield></datafield><datafield ind1=' ' ind2=' ' tag='901'><subfield code='a'>6d34b720-5ada-4a79-9ccb-ac329d937b2b</subfield><subfield code='b'>25</subfield><subfield code='c'>false</subfield></datafield><datafield ind1='0' ind2=' ' tag='852'><subfield code='c'>HD</subfield><subfield code='h'>PQ8098.23.E459</subfield><subfield code='i'>M66 2017</subfield><subfield code='0'>12891500</subfield><subfield code='b'>scsbhl</subfield></datafield><datafield ind1=' ' ind2=' ' tag='876'><subfield code='0'>12891500</subfield><subfield code='a'>18686194</subfield><subfield code='h'> </subfield><subfield code='j'>Available</subfield><subfield code='k'>WID</subfield><subfield code='p'>32044143583912</subfield><subfield code='x'>Open</subfield><subfield code='z'>HW</subfield><subfield code='l'>HD</subfield></datafield></record>