
<record><leader>00000cam a2200337 a 4500</leader><controlfield tag='001'>SCSB-10901478</controlfield><controlfield tag='005'>20120717043410.0</controlfield><controlfield tag='008'>041210s2004    scuab    b    000 0deng d</controlfield><controlfield tag='009'>990098604690203941</controlfield><datafield ind1=' ' ind2=' ' tag='010'><subfield code='a'>^^2004117628</subfield></datafield><datafield ind1=' ' ind2=' ' tag='020'><subfield code='a'>0738533742 (pbk.)</subfield></datafield><datafield ind1=' ' ind2=' ' tag='035'><subfield code='a'>(OCoLC)60425599</subfield></datafield><datafield ind1=' ' ind2=' ' tag='040'><subfield code='a'>EEX</subfield><subfield code='c'>EEX</subfield><subfield code='d'>OCL</subfield><subfield code='d'>DLC</subfield></datafield><datafield ind1=' ' ind2=' ' tag='042'><subfield code='a'>lccopycat</subfield></datafield><datafield ind1=' ' ind2=' ' tag='043'><subfield code='a'>n-us-mi</subfield></datafield><datafield ind1='0' ind2='0' tag='050'><subfield code='a'>F574.M7</subfield><subfield code='b'>H88 2004</subfield></datafield><datafield ind1='0' ind2='0' tag='082'><subfield code='a'>977.4/32</subfield><subfield code='2'>22</subfield></datafield><datafield ind1='1' ind2=' ' tag='100'><subfield code='a'>Hutchison, Craig.</subfield></datafield><datafield ind1='1' ind2='0' tag='245'><subfield code='a'>Monroe :</subfield><subfield code='b'>the early years /</subfield><subfield code='c'>Craig E. and Kimberly A. Hutchison.</subfield></datafield><datafield ind1=' ' ind2=' ' tag='260'><subfield code='a'>Charleston, SC :</subfield><subfield code='b'>Arcadia,</subfield><subfield code='c'>c2004.</subfield></datafield><datafield ind1=' ' ind2=' ' tag='300'><subfield code='a'>128 p. :</subfield><subfield code='b'>chiefly ill., maps ;</subfield><subfield code='c'>24 cm.</subfield></datafield><datafield ind1='1' ind2=' ' tag='490'><subfield code='a'>Images of America</subfield></datafield><datafield ind1=' ' ind2=' ' tag='504'><subfield code='a'>Includes bibliographical references (p. 128).</subfield></datafield><datafield ind1='0' ind2=' ' tag='505'><subfield code='a'>Early inhabitants and Francois Navarre -- The War of 1812: &quot;remember the River Raisin&quot; -- The settling and building of Monroe -- The Civil War comes calling -- George Armstrong Custer -- Places of worship -- Architecture tells a story -- History lives in Monroe.</subfield></datafield><datafield ind1='1' ind2='0' tag='600'><subfield code='a'>Custer, George A.</subfield><subfield code='q'>(George Armstrong),</subfield><subfield code='d'>1839-1876</subfield><subfield code='v'>Pictorial works.</subfield></datafield><datafield ind1=' ' ind2='0' tag='651'><subfield code='a'>Monroe (Mich.)</subfield><subfield code='x'>History</subfield><subfield code='v'>Pictorial works.</subfield></datafield><datafield ind1=' ' ind2='0' tag='651'><subfield code='a'>Monroe (Mich.)</subfield><subfield code='v'>Biography</subfield><subfield code='v'>Pictorial works.</subfield></datafield><datafield ind1=' ' ind2='0' tag='651'><subfield code='a'>Monroe (Mich.)</subfield><subfield code='x'>Buildings, structures, etc.</subfield><subfield code='v'>Pictorial works.</subfield></datafield><datafield ind1=' ' ind2='0' tag='650'><subfield code='a'>Historic buildings</subfield><subfield code='z'>Michigan</subfield><subfield code='z'>Monroe</subfield><subfield code='v'>Pictorial works.</subfield></datafield><datafield ind1=' ' ind2='7' tag='655'><subfield code='a'>Biographies</subfield><subfield code='2'>fast</subfield><subfield code='0'>(OCoLC)fst01919896</subfield></datafield><datafield ind1=' ' ind2='7' tag='655'><subfield code='a'>History</subfield><subfield code='2'>fast</subfield><subfield code='0'>(OCoLC)fst01411628</subfield></datafield><datafield ind1=' ' ind2='7' tag='655'><subfield code='a'>Pictorial works</subfield><subfield code='2'>fast</subfield><subfield code='0'>(OCoLC)fst01423874</subfield></datafield><datafield ind1='1' ind2=' ' tag='700'><subfield code='a'>Hutchison, Kimberly A.</subfield></datafield><datafield ind1=' ' ind2='0' tag='830'><subfield code='a'>Images of America.</subfield></datafield><datafield ind1=' ' ind2='0' tag='830'><subfield code='a'>Images of America</subfield><subfield code='5'>net</subfield></datafield><datafield ind1=' ' ind2='0' tag='830'><subfield code='a'>Images of America: a history of American life in images and texts</subfield><subfield code='5'>net</subfield></datafield><datafield ind1=' ' ind2=' ' tag='901'><subfield code='a'>3f665b43-0c5d-4691-9d93-b5b76419755a</subfield><subfield code='b'>29</subfield><subfield code='c'>false</subfield></datafield><datafield ind1='0' ind2=' ' tag='852'><subfield code='c'>HD</subfield><subfield code='h'>F574.M7</subfield><subfield code='i'>H88 2004</subfield><subfield code='0'>11694446</subfield><subfield code='b'>scsbhl</subfield></datafield><datafield ind1=' ' ind2=' ' tag='876'><subfield code='0'>11694446</subfield><subfield code='a'>17442876</subfield><subfield code='h'> </subfield><subfield code='j'>Available</subfield><subfield code='k'>WID</subfield><subfield code='p'>32044082940602</subfield><subfield code='x'>Open</subfield><subfield code='z'>HW</subfield><subfield code='l'>HD</subfield></datafield></record>