
<record><leader>01508cam a2200337I  4500</leader><controlfield tag='001'>SCSB-15243331</controlfield><controlfield tag='005'>20250621150727.9</controlfield><controlfield tag='008'>781103s1921    xx a          000 0 eng d</controlfield><controlfield tag='009'>17390617</controlfield><datafield ind1=' ' ind2=' ' tag='019'><subfield code='a'>1008032380</subfield></datafield><datafield ind1=' ' ind2=' ' tag='035'><subfield code='a'>(OCoLC)8025693</subfield><subfield code='z'>(OCoLC)1008032380</subfield></datafield><datafield ind1=' ' ind2=' ' tag='035'><subfield code='a'>17390617</subfield></datafield><datafield ind1=' ' ind2=' ' tag='040'><subfield code='a'>NGU</subfield><subfield code='b'>eng</subfield><subfield code='c'>NGU</subfield><subfield code='d'>OCLCQ</subfield><subfield code='d'>OCLCG</subfield><subfield code='d'>OCLCQ</subfield><subfield code='d'>OCLCF</subfield><subfield code='d'>OCLCQ</subfield><subfield code='d'>OCLCO</subfield><subfield code='d'>AVA</subfield><subfield code='d'>OCLCA</subfield><subfield code='d'>OCLCQ</subfield><subfield code='d'>OCLCO</subfield><subfield code='d'>OCL</subfield></datafield><datafield ind1=' ' ind2=' ' tag='049'><subfield code='a'>ZCUA</subfield></datafield><datafield ind1=' ' ind2='4' tag='050'><subfield code='a'>N352</subfield><subfield code='b'>.W52720</subfield></datafield><datafield ind1='1' ind2=' ' tag='100'><subfield code='a'>Wilson, Francesca M.,</subfield><subfield code='d'>1888-</subfield></datafield><datafield ind1='1' ind2='2' tag='245'><subfield code='a'>A lecture by Professor Čižek /</subfield><subfield code='c'>[by] F.M.W.</subfield></datafield><datafield ind1=' ' ind2=' ' tag='260'><subfield code='a'>[Place of publication not identified] :</subfield><subfield code='b'>Children&apos;s Art Exhibition Fund,</subfield><subfield code='c'>1921.</subfield></datafield><datafield ind1=' ' ind2=' ' tag='300'><subfield code='a'>16 pages :</subfield><subfield code='b'>illustrations ;</subfield><subfield code='c'>19 cm</subfield></datafield><datafield ind1=' ' ind2=' ' tag='336'><subfield code='a'>text</subfield><subfield code='b'>txt</subfield><subfield code='2'>rdacontent</subfield></datafield><datafield ind1=' ' ind2=' ' tag='337'><subfield code='a'>unmediated</subfield><subfield code='b'>n</subfield><subfield code='2'>rdamedia</subfield></datafield><datafield ind1=' ' ind2=' ' tag='338'><subfield code='a'>volume</subfield><subfield code='b'>nc</subfield><subfield code='2'>rdacarrier</subfield></datafield><datafield ind1=' ' ind2=' ' tag='500'><subfield code='a'>Cover title.</subfield></datafield><datafield ind1=' ' ind2='0' tag='650'><subfield code='a'>Child artists.</subfield><subfield code='0'>http://id.loc.gov/authorities/subjects/sh85023523</subfield></datafield><datafield ind1=' ' ind2='0' tag='650'><subfield code='a'>Art</subfield><subfield code='x'>Study and teaching (Elementary)</subfield><subfield code='0'>http://id.loc.gov/authorities/subjects/sh2009115931</subfield></datafield><datafield ind1=' ' ind2='7' tag='650'><subfield code='a'>Art</subfield><subfield code='x'>Study and teaching (Elementary)</subfield><subfield code='2'>fast</subfield><subfield code='0'>(OCoLC)fst00815356</subfield></datafield><datafield ind1=' ' ind2='7' tag='650'><subfield code='a'>Child artists.</subfield><subfield code='2'>fast</subfield><subfield code='0'>(OCoLC)fst00854284</subfield></datafield><datafield ind1='1' ind2=' ' tag='700'><subfield code='a'>Čižek, Franz,</subfield><subfield code='d'>1865-1946.</subfield><subfield code='0'>http://id.loc.gov/authorities/names/n87933675</subfield></datafield><datafield ind1='0' ind2='8' tag='776'><subfield code='i'>Online version:</subfield><subfield code='a'>Wilson, Francesca M., 1888-</subfield><subfield code='t'>Lecture by Professor Čižek.</subfield><subfield code='d'>[N.p.] Children&apos;s Art Exhibition Fund, 1921</subfield><subfield code='w'>(OCoLC)874389100</subfield></datafield><datafield ind1=' ' ind2=' ' tag='900'><subfield code='a'>MARS</subfield></datafield><datafield ind1='1' ind2=' ' tag='948'><subfield code='a'>20230523</subfield><subfield code='b'>c</subfield><subfield code='c'>ib2450</subfield><subfield code='d'>MPS</subfield></datafield><datafield ind1='0' ind2='0' tag='852'><subfield code='0'>16340222</subfield><subfield code='h'>N352</subfield><subfield code='i'>.W55 1921g</subfield><subfield code='b'>scsbcul</subfield></datafield><datafield ind1=' ' ind2=' ' tag='876'><subfield code='0'>16340222</subfield><subfield code='a'>23088849</subfield><subfield code='h'>In Library Use</subfield><subfield code='j'>Available</subfield><subfield code='p'>AR03073327</subfield><subfield code='t'>0</subfield><subfield code='x'>Shared</subfield><subfield code='z'>AR</subfield><subfield code='l'>RECAP</subfield></datafield></record>