
<record><leader>00768nam a2200229   4500</leader><controlfield tag='001'>SCSB-6473529</controlfield><controlfield tag='003'>OCoLC               </controlfield><controlfield tag='005'>20070618092848.0</controlfield><controlfield tag='008'>900114s1921    xx a   j      000 0 eng d</controlfield><controlfield tag='009'>.b176038942</controlfield><datafield ind1=' ' ind2=' ' tag='040'><subfield code='a'>NGU</subfield><subfield code='c'>NGU</subfield><subfield code='d'>BNY</subfield><subfield code='d'>UtOrBLW</subfield></datafield><datafield ind1=' ' ind2=' ' tag='091'><subfield code='p'>J</subfield><subfield code='a'>707</subfield><subfield code='c'>W</subfield></datafield><datafield ind1='1' ind2=' ' tag='100'><subfield code='a'>Wilson, Francesca M.,</subfield><subfield code='d'>1888-1981.</subfield></datafield><datafield ind1='1' ind2='2' tag='245'><subfield code='a'>A lecture by Professor Čižek /</subfield><subfield code='c'>[by] F. M. W.</subfield></datafield><datafield ind1=' ' ind2=' ' tag='260'><subfield code='a'>[n.p.] :</subfield><subfield code='b'>Children&apos;s Art Exhibition Fund,</subfield><subfield code='c'>1921.</subfield></datafield><datafield ind1=' ' ind2=' ' tag='300'><subfield code='a'>16 p. :</subfield><subfield code='b'>ill. ;</subfield><subfield code='c'>19 cm.</subfield></datafield><datafield ind1=' ' ind2=' ' tag='500'><subfield code='a'>Cover title.</subfield></datafield><datafield ind1=' ' ind2='0' tag='650'><subfield code='a'>Child artists.</subfield></datafield><datafield ind1=' ' ind2='0' tag='650'><subfield code='a'>Art</subfield><subfield code='x'>Study and teaching (Elementary)</subfield></datafield><datafield ind1='1' ind2=' ' tag='700'><subfield code='a'>Čižek, Franz,</subfield><subfield code='d'>1865-1947.</subfield></datafield><datafield ind1=' ' ind2=' ' tag='907'><subfield code='a'>.b176038942</subfield><subfield code='c'>m</subfield><subfield code='d'>a</subfield><subfield code='e'>-</subfield><subfield code='f'>eng</subfield><subfield code='g'>xx</subfield><subfield code='h'>2</subfield><subfield code='i'>2</subfield></datafield><datafield ind1='8' ind2=' ' tag='852'><subfield code='h'>ReCAP .b176038942</subfield><subfield code='0'>6546277</subfield><subfield code='b'>scsbnypl</subfield></datafield><datafield ind1=' ' ind2=' ' tag='876'><subfield code='0'>6546277</subfield><subfield code='a'>10547815</subfield><subfield code='j'>Available</subfield><subfield code='p'>33333219782147</subfield><subfield code='t'>1</subfield><subfield code='x'>Shared</subfield><subfield code='z'>NW</subfield><subfield code='l'>RECAP</subfield></datafield></record>