
<record><leader>01013cam a2200289 a 4500</leader><controlfield tag='001'>SCSB-5993768</controlfield><controlfield tag='005'>19990212110222.3</controlfield><controlfield tag='008'>860923s1986    enka     b    001 0 eng d</controlfield><controlfield tag='009'>.b110524883</controlfield><datafield ind1=' ' ind2=' ' tag='015'><subfield code='a'>GB85-45830</subfield></datafield><datafield ind1=' ' ind2=' ' tag='020'><subfield code='a'>0852748000</subfield></datafield><datafield ind1=' ' ind2=' ' tag='040'><subfield code='a'>MnU</subfield><subfield code='c'>MnU</subfield><subfield code='d'>NN</subfield><subfield code='d'>WaOLN</subfield></datafield><datafield ind1='1' ind2=' ' tag='041'><subfield code='a'>eng</subfield><subfield code='h'>cze</subfield></datafield><datafield ind1='1' ind2=' ' tag='100'><subfield code='a'>Čížek, Václav.</subfield></datafield><datafield ind1='1' ind2='0' tag='240'><subfield code='a'>Diskrétní Fourierova transformace a její použití.</subfield><subfield code='l'>English</subfield></datafield><datafield ind1='1' ind2='0' tag='245'><subfield code='a'>Discrete Fourier transforms and their applications /</subfield><subfield code='c'>Václav Čížek.</subfield></datafield><datafield ind1=' ' ind2=' ' tag='260'><subfield code='a'>Bristol ;</subfield><subfield code='a'>Boston :</subfield><subfield code='b'>Hilger,</subfield><subfield code='c'>c1986.</subfield></datafield><datafield ind1=' ' ind2=' ' tag='300'><subfield code='a'>141 p. :</subfield><subfield code='b'>ill. ;</subfield><subfield code='c'>24 cm.</subfield></datafield><datafield ind1=' ' ind2=' ' tag='500'><subfield code='a'>Translation of: Diskrétní Fourierova transformace a její použití.</subfield></datafield><datafield ind1=' ' ind2=' ' tag='500'><subfield code='a'>Includes index.</subfield></datafield><datafield ind1=' ' ind2=' ' tag='504'><subfield code='a'>Bibliography: p. 136-139.</subfield></datafield><datafield ind1=' ' ind2='0' tag='650'><subfield code='a'>Fourier transformations.</subfield></datafield><datafield ind1=' ' ind2=' ' tag='907'><subfield code='a'>.b110524883</subfield><subfield code='c'>m</subfield><subfield code='d'>a</subfield><subfield code='e'>-</subfield><subfield code='f'>eng</subfield><subfield code='g'>enk</subfield><subfield code='h'>0</subfield><subfield code='i'>1</subfield></datafield><datafield ind1=' ' ind2=' ' tag='991'><subfield code='y'>16922498</subfield></datafield><datafield ind1=' ' ind2=' ' tag='035'><subfield code='a'>(OCoLC)16922498</subfield></datafield><datafield ind1='8' ind2=' ' tag='852'><subfield code='h'>JSE 88-1594</subfield><subfield code='0'>6005824</subfield><subfield code='b'>scsbnypl</subfield></datafield><datafield ind1=' ' ind2=' ' tag='876'><subfield code='0'>6005824</subfield><subfield code='a'>9677446</subfield><subfield code='j'>Available</subfield><subfield code='p'>33433037411893</subfield><subfield code='t'>1</subfield><subfield code='x'>Shared</subfield><subfield code='z'>NA</subfield><subfield code='l'>RECAP</subfield></datafield></record>