
<record><leader>00727nam a2200265 a 4500</leader><controlfield tag='001'>SCSB-10526422</controlfield><controlfield tag='005'>20020606090541.3</controlfield><controlfield tag='008'>830919s1982    fr       b    00110bfre  </controlfield><controlfield tag='009'>990011062210203941</controlfield><datafield ind1=' ' ind2=' ' tag='010'><subfield code='a'>^^^83166482^</subfield></datafield><datafield ind1=' ' ind2=' ' tag='020'><subfield code='a'>2213011311 :</subfield><subfield code='c'>95.00F</subfield></datafield><datafield ind1=' ' ind2=' ' tag='035'><subfield code='a'>(OCoLC)9559165</subfield></datafield><datafield ind1=' ' ind2=' ' tag='040'><subfield code='a'>DLC</subfield><subfield code='c'>DLC</subfield></datafield><datafield ind1=' ' ind2=' ' tag='043'><subfield code='a'>e------</subfield><subfield code='a'>ff-----</subfield><subfield code='a'>aw-----</subfield></datafield><datafield ind1='0' ind2='0' tag='050'><subfield code='a'>DG285</subfield><subfield code='b'>.C6 1982</subfield></datafield><datafield ind1='1' ind2=' ' tag='100'><subfield code='a'>Cizek, Eugen,</subfield><subfield code='d'>1932-</subfield></datafield><datafield ind1='1' ind2='0' tag='245'><subfield code='a'>Néron /</subfield><subfield code='c'>Eugen Cizek.</subfield></datafield><datafield ind1=' ' ind2=' ' tag='260'><subfield code='a'>Paris :</subfield><subfield code='b'>Fayard,</subfield><subfield code='c'>c1982.</subfield></datafield><datafield ind1=' ' ind2=' ' tag='300'><subfield code='a'>474 p. ;</subfield><subfield code='c'>22 cm.</subfield></datafield><datafield ind1=' ' ind2=' ' tag='500'><subfield code='a'>Includes index.</subfield></datafield><datafield ind1=' ' ind2=' ' tag='504'><subfield code='a'>Bibliography: p. [423]-438.</subfield></datafield><datafield ind1='0' ind2='0' tag='600'><subfield code='a'>Nero,</subfield><subfield code='c'>Emperor of Rome,</subfield><subfield code='d'>37-68</subfield></datafield><datafield ind1=' ' ind2='0' tag='650'><subfield code='a'>Emperors</subfield><subfield code='z'>Rome</subfield><subfield code='v'>Biography</subfield></datafield><datafield ind1=' ' ind2='0' tag='651'><subfield code='a'>Rome</subfield><subfield code='x'>History</subfield><subfield code='y'>Nero, 54-68</subfield></datafield><datafield ind1=' ' ind2='7' tag='655'><subfield code='a'>Biographies</subfield><subfield code='2'>fast</subfield></datafield><datafield ind1=' ' ind2='7' tag='648'><subfield code='a'>54-68</subfield><subfield code='2'>fast</subfield></datafield><datafield ind1=' ' ind2='7' tag='648'><subfield code='a'>Geschichte 54-68</subfield><subfield code='2'>swd</subfield></datafield><datafield ind1='1' ind2=' ' tag='583'><subfield code='a'>committed to retain</subfield><subfield code='c'>20181001</subfield><subfield code='d'>in perpetuity</subfield><subfield code='f'>ReCAP Shared Collection</subfield><subfield code='5'>HUL</subfield><subfield code='8'>221774769600003941</subfield></datafield><datafield ind1='0' ind2=' ' tag='852'><subfield code='c'>HD</subfield><subfield code='h'>DG285</subfield><subfield code='i'>.C6 1982</subfield><subfield code='0'>11308486</subfield><subfield code='b'>scsbhl</subfield></datafield><datafield ind1=' ' ind2=' ' tag='876'><subfield code='0'>11308486</subfield><subfield code='a'>17041434</subfield><subfield code='h'> </subfield><subfield code='j'>Available</subfield><subfield code='k'>WID</subfield><subfield code='p'>HWDCH6</subfield><subfield code='x'>Shared</subfield><subfield code='z'>HW</subfield><subfield code='l'>HD</subfield></datafield></record>