
<record><leader>00533nam a2200205Mi 4500</leader><controlfield tag='001'>SCSB-12817739</controlfield><controlfield tag='005'>20020606093309.7</controlfield><controlfield tag='008'>910911s1970    cs            000 0 cze d</controlfield><controlfield tag='009'>990023476750203941</controlfield><datafield ind1=' ' ind2=' ' tag='035'><subfield code='a'>(OCoLC)25016359</subfield></datafield><datafield ind1=' ' ind2=' ' tag='040'><subfield code='a'>HLS</subfield><subfield code='c'>HLS</subfield></datafield><datafield ind1='1' ind2=' ' tag='100'><subfield code='a'>Čížek, Lukáš.</subfield></datafield><datafield ind1='1' ind2='0' tag='245'><subfield code='a'>Surové ráno /</subfield><subfield code='c'>Lukáš Čížek.</subfield></datafield><datafield ind1=' ' ind2=' ' tag='250'><subfield code='a'>1. vyd.</subfield></datafield><datafield ind1=' ' ind2=' ' tag='260'><subfield code='a'>Praha :</subfield><subfield code='b'>Mladá fronta,</subfield><subfield code='c'>1970.</subfield></datafield><datafield ind1=' ' ind2=' ' tag='300'><subfield code='a'>114 p.</subfield></datafield><datafield ind1='1' ind2=' ' tag='490'><subfield code='a'>Edice Alfa ;</subfield><subfield code='v'>sv. 14</subfield></datafield><datafield ind1=' ' ind2='0' tag='830'><subfield code='a'>Edice Alfa</subfield><subfield code='v'>sv. 14.</subfield></datafield><datafield ind1='1' ind2=' ' tag='583'><subfield code='a'>committed to retain</subfield><subfield code='c'>20181001</subfield><subfield code='d'>in perpetuity</subfield><subfield code='f'>ReCAP Shared Collection</subfield><subfield code='5'>HUL</subfield><subfield code='8'>221853050940003941</subfield></datafield><datafield ind1='0' ind2=' ' tag='852'><subfield code='c'>HD</subfield><subfield code='0'>13666708</subfield><subfield code='b'>scsbhl</subfield></datafield><datafield ind1=' ' ind2=' ' tag='876'><subfield code='0'>13666708</subfield><subfield code='a'>19492472</subfield><subfield code='h'> </subfield><subfield code='j'>Available</subfield><subfield code='k'>WID</subfield><subfield code='p'>HW6GK4</subfield><subfield code='x'>Shared</subfield><subfield code='z'>HW</subfield><subfield code='l'>HD</subfield></datafield></record>