
<record><leader>01323cam a2200313 a 4500</leader><controlfield tag='001'>SCSB-5976079</controlfield><controlfield tag='005'>20000629174641.0</controlfield><controlfield tag='008'>830831s1982    cauab    b    000 0 eng  </controlfield><controlfield tag='009'>.b107993016</controlfield><datafield ind1=' ' ind2=' ' tag='010'><subfield code='a'>81051293</subfield></datafield><datafield ind1=' ' ind2=' ' tag='020'><subfield code='a'>0931378028 (pbk.)</subfield></datafield><datafield ind1=' ' ind2=' ' tag='040'><subfield code='d'>NN</subfield><subfield code='d'>WaOLN</subfield></datafield><datafield ind1=' ' ind2=' ' tag='043'><subfield code='a'>n-us-ca</subfield><subfield code='a'>n-us-nv</subfield></datafield><datafield ind1='0' ind2='0' tag='050'><subfield code='a'>QE535.2.U6</subfield><subfield code='b'>R56 1982</subfield></datafield><datafield ind1='0' ind2='0' tag='082'><subfield code='a'>551.2/2/097944</subfield><subfield code='2'>19</subfield></datafield><datafield ind1='1' ind2=' ' tag='100'><subfield code='a'>Rinehart, C. Dean</subfield><subfield code='q'>(Charles Dean),</subfield><subfield code='d'>1922-</subfield></datafield><datafield ind1='1' ind2='0' tag='245'><subfield code='a'>Earthquakes and young volcanoes along the eastern Sierra Nevada at Mammoth Lakes 1980, Lone Pine 1872, Inyo and Mono Craters /</subfield><subfield code='c'>by C. Dean Rinehart and Ward C. Smith ; edited by Genny Smith ; [scientific illustrator, Anne E. Kook ; photographers, Malcolm M. Clark ... et al.].</subfield></datafield><datafield ind1=' ' ind2=' ' tag='260'><subfield code='a'>Palo Alto, Calif. :</subfield><subfield code='b'>Genny Smith Books ;</subfield><subfield code='a'>Los Altos, Calif. :</subfield><subfield code='b'>Distributed by W. Kaufmann,</subfield><subfield code='c'>1982.</subfield></datafield><datafield ind1=' ' ind2=' ' tag='300'><subfield code='a'>62 p. :</subfield><subfield code='b'>ill., maps ;</subfield><subfield code='c'>23 cm.</subfield></datafield><datafield ind1=' ' ind2=' ' tag='504'><subfield code='a'>Bibliography: p. 61-62.</subfield></datafield><datafield ind1=' ' ind2='0' tag='650'><subfield code='a'>Earthquakes</subfield><subfield code='z'>Sierra Nevada (Calif. and Nev.)</subfield></datafield><datafield ind1=' ' ind2='0' tag='650'><subfield code='a'>Volcanoes</subfield><subfield code='z'>Sierra Nevada (Calif. and Nev.)</subfield></datafield><datafield ind1='1' ind2=' ' tag='700'><subfield code='a'>Smith, Ward,</subfield><subfield code='d'>1906-</subfield></datafield><datafield ind1='1' ind2=' ' tag='700'><subfield code='a'>Smith, Genny.</subfield></datafield><datafield ind1=' ' ind2=' ' tag='907'><subfield code='a'>.b107993016</subfield><subfield code='c'>m</subfield><subfield code='d'>a</subfield><subfield code='e'>-</subfield><subfield code='f'>eng</subfield><subfield code='g'>cau</subfield><subfield code='h'>0</subfield><subfield code='i'>1</subfield></datafield><datafield ind1=' ' ind2=' ' tag='991'><subfield code='y'>9194192</subfield></datafield><datafield ind1=' ' ind2=' ' tag='035'><subfield code='a'>(OCoLC)9194192</subfield></datafield><datafield ind1=' ' ind2=' ' tag='901'><subfield code='a'>c0f1a4e8-d78b-46dc-ad4e-0a7bf4561666</subfield><subfield code='b'>29</subfield><subfield code='c'>false</subfield></datafield><datafield ind1='8' ind2=' ' tag='852'><subfield code='h'>JSE 83-245</subfield><subfield code='0'>5987761</subfield><subfield code='b'>scsbnypl</subfield></datafield><datafield ind1=' ' ind2=' ' tag='876'><subfield code='0'>5987761</subfield><subfield code='a'>9640150</subfield><subfield code='j'>Available</subfield><subfield code='p'>33433066481791</subfield><subfield code='t'>1</subfield><subfield code='x'>Open</subfield><subfield code='z'>NA</subfield><subfield code='l'>RECAP</subfield></datafield></record>