
<record><leader>01555cam a2200373 a 4500</leader><controlfield tag='001'>SCSB-2208311</controlfield><controlfield tag='003'>NNC</controlfield><controlfield tag='005'>20220518195147.0</controlfield><controlfield tag='008'>820913s1982    cauab    b    000 0 eng  </controlfield><controlfield tag='009'>97590</controlfield><datafield ind1=' ' ind2=' ' tag='010'><subfield code='a'>   81051293 </subfield></datafield><datafield ind1=' ' ind2=' ' tag='020'><subfield code='a'>0931378028 (pbk.)</subfield></datafield><datafield ind1=' ' ind2=' ' tag='035'><subfield code='a'>(OCoLC)9194192</subfield></datafield><datafield ind1=' ' ind2=' ' tag='035'><subfield code='a'>(OCoLC)ocm09194192</subfield></datafield><datafield ind1=' ' ind2=' ' tag='035'><subfield code='a'>(CStRLIN)NYCG82-B40038</subfield></datafield><datafield ind1=' ' ind2=' ' tag='035'><subfield code='9'>AAL3744CU</subfield></datafield><datafield ind1=' ' ind2=' ' tag='035'><subfield code='a'>(NNC)97590</subfield></datafield><datafield ind1=' ' ind2=' ' tag='035'><subfield code='a'>97590</subfield></datafield><datafield ind1=' ' ind2=' ' tag='043'><subfield code='a'>n-us-ca</subfield><subfield code='a'>n-us-nv</subfield></datafield><datafield ind1='0' ind2='0' tag='050'><subfield code='a'>QE535.2.U6</subfield><subfield code='b'>R56 1982</subfield></datafield><datafield ind1='0' ind2=' ' tag='082'><subfield code='a'>551.2/2/097944</subfield><subfield code='2'>19</subfield></datafield><datafield ind1=' ' ind2=' ' tag='090'><subfield code='a'>QE535.2.U6</subfield><subfield code='b'>R56 1982</subfield></datafield><datafield ind1='1' ind2=' ' tag='100'><subfield code='a'>Rinehart, C. Dean</subfield><subfield code='q'>(Charles Dean),</subfield><subfield code='d'>1922-</subfield><subfield code='0'>http://id.loc.gov/authorities/names/n80014393</subfield></datafield><datafield ind1='1' ind2='0' tag='245'><subfield code='a'>Earthquakes and young volcanoes along the eastern Sierra Nevada at Mammoth Lakes 1980, Lone Pine 1872, Inyo and Mono Craters /</subfield><subfield code='c'>by C. Dean Rinehart and Ward C. Smith ; edited by Genny Smith ; [scientific illustrator, Anne E. Kook ; photographers, Malcolm M. Clark and others].</subfield></datafield><datafield ind1=' ' ind2=' ' tag='260'><subfield code='a'>Palo Alto, Calif. :</subfield><subfield code='b'>Genny Smith Books ;</subfield><subfield code='a'>Los Altos, Calif. :</subfield><subfield code='b'>Distributed by W. Kaufmann,</subfield><subfield code='c'>1982.</subfield></datafield><datafield ind1=' ' ind2=' ' tag='300'><subfield code='a'>62 pages :</subfield><subfield code='b'>illustrations, maps ;</subfield><subfield code='c'>23 cm</subfield></datafield><datafield ind1=' ' ind2=' ' tag='336'><subfield code='a'>text</subfield><subfield code='2'>rdacontent</subfield></datafield><datafield ind1=' ' ind2=' ' tag='337'><subfield code='a'>unmediated</subfield><subfield code='2'>rdamedia</subfield></datafield><datafield ind1=' ' ind2=' ' tag='338'><subfield code='a'>volume</subfield><subfield code='2'>rdacarrier</subfield></datafield><datafield ind1=' ' ind2=' ' tag='504'><subfield code='a'>Bibliography: p. 61-62.</subfield></datafield><datafield ind1=' ' ind2='0' tag='650'><subfield code='a'>Earthquakes</subfield><subfield code='z'>Sierra Nevada (Calif. and Nev.)</subfield></datafield><datafield ind1=' ' ind2='0' tag='650'><subfield code='a'>Volcanoes</subfield><subfield code='z'>Sierra Nevada (Calif. and Nev.)</subfield></datafield><datafield ind1='1' ind2=' ' tag='700'><subfield code='a'>Smith, Ward C.,</subfield><subfield code='d'>1906-1998.</subfield><subfield code='0'>http://id.loc.gov/authorities/names/n82117515</subfield></datafield><datafield ind1='1' ind2=' ' tag='700'><subfield code='a'>Smith, Genny.</subfield><subfield code='0'>http://id.loc.gov/authorities/names/n79018378</subfield></datafield><datafield ind1=' ' ind2=' ' tag='901'><subfield code='a'>c0f1a4e8-d78b-46dc-ad4e-0a7bf4561666</subfield><subfield code='b'>29</subfield><subfield code='c'>false</subfield></datafield><datafield ind1='0' ind2='0' tag='852'><subfield code='h'>QE535.2.U6 R56 1982</subfield><subfield code='0'>2176394</subfield><subfield code='b'>scsbcul</subfield></datafield><datafield ind1=' ' ind2=' ' tag='876'><subfield code='0'>2176394</subfield><subfield code='a'>3348268</subfield><subfield code='h'> </subfield><subfield code='j'>Available</subfield><subfield code='p'>CU15771814</subfield><subfield code='t'>1</subfield><subfield code='x'>Shared</subfield><subfield code='z'>CU</subfield><subfield code='l'>RECAP</subfield></datafield></record>