
<record><leader>03146cam a2200493 i 4500</leader><controlfield tag='001'>SCSB-14560711</controlfield><controlfield tag='003'>NNC</controlfield><controlfield tag='005'>20240626221148.0</controlfield><controlfield tag='008'>210907s2023    enka          000 0 eng d</controlfield><controlfield tag='009'>17596794</controlfield><datafield ind1=' ' ind2=' ' tag='019'><subfield code='a'>1265457117</subfield></datafield><datafield ind1=' ' ind2=' ' tag='020'><subfield code='a'>9781788841542</subfield><subfield code='q'>hardcover</subfield></datafield><datafield ind1=' ' ind2=' ' tag='020'><subfield code='a'>1788841549</subfield><subfield code='q'>hardcover</subfield></datafield><datafield ind1=' ' ind2=' ' tag='024'><subfield code='a'>40031738432</subfield></datafield><datafield ind1=' ' ind2=' ' tag='035'><subfield code='a'>(OCoLC)on1272894859</subfield></datafield><datafield ind1=' ' ind2=' ' tag='035'><subfield code='a'>(OCoLC)1272894859</subfield><subfield code='z'>(OCoLC)1265457117</subfield></datafield><datafield ind1=' ' ind2=' ' tag='035'><subfield code='a'>17596794</subfield></datafield><datafield ind1=' ' ind2=' ' tag='040'><subfield code='a'>UKMGB</subfield><subfield code='b'>eng</subfield><subfield code='e'>rda</subfield><subfield code='c'>UKMGB</subfield><subfield code='d'>YDX</subfield><subfield code='d'>OCLCO</subfield><subfield code='d'>OCLCF</subfield><subfield code='d'>OCLCO</subfield><subfield code='d'>YDX</subfield></datafield><datafield ind1=' ' ind2=' ' tag='043'><subfield code='a'>a-cc---</subfield></datafield><datafield ind1=' ' ind2='4' tag='050'><subfield code='a'>TR681.F316</subfield><subfield code='b'>P36 2023</subfield></datafield><datafield ind1='0' ind2='4' tag='082'><subfield code='a'>779.20951</subfield><subfield code='2'>23</subfield></datafield><datafield ind1='0' ind2='4' tag='082'><subfield code='a'>779.963092</subfield><subfield code='2'>23</subfield></datafield><datafield ind1='1' ind2=' ' tag='100'><subfield code='a'>Pang, Xiaowei,</subfield><subfield code='e'>author,</subfield><subfield code='e'>photographer.</subfield><subfield code='4'>http://id.loc.gov/vocabulary/relators/aut</subfield><subfield code='4'>http://id.loc.gov/vocabulary/relators/pht</subfield></datafield><datafield ind1='1' ind2='0' tag='245'><subfield code='a'>Farmer :</subfield><subfield code='b'>photographic portraits /</subfield><subfield code='c'>by Pang Xiaowei.</subfield></datafield><datafield ind1=' ' ind2='1' tag='264'><subfield code='a'>Woodbridge, Suffolk :</subfield><subfield code='b'>ACC Art Books,</subfield><subfield code='c'>[2023]</subfield></datafield><datafield ind1=' ' ind2=' ' tag='300'><subfield code='a'>239 pages :</subfield><subfield code='b'>illustrations ;</subfield><subfield code='c'>28 cm</subfield></datafield><datafield ind1=' ' ind2=' ' tag='336'><subfield code='a'>text</subfield><subfield code='b'>txt</subfield><subfield code='2'>rdacontent</subfield></datafield><datafield ind1=' ' ind2=' ' tag='336'><subfield code='a'>still image</subfield><subfield code='b'>sti</subfield><subfield code='2'>rdacontent</subfield></datafield><datafield ind1=' ' ind2=' ' tag='337'><subfield code='a'>unmediated</subfield><subfield code='b'>n</subfield><subfield code='2'>rdamedia</subfield></datafield><datafield ind1=' ' ind2=' ' tag='338'><subfield code='a'>volume</subfield><subfield code='b'>nc</subfield><subfield code='2'>rdacarrier</subfield></datafield><datafield ind1=' ' ind2=' ' tag='520'><subfield code='a'>Farmer: Photographic Portraits by Pang Xiaowei represents a curated selection from more than 1000 portraits taken by Pang Xiaowei during a mammoth mission to photograph farmers from every province in China. It is a monument to China&apos;s agricultural workforce that affords them the recognition they deserve and celebrates their dedication to their country.0The farmers of the Chinese mainland help feed 1.39 billion people. This powerful series of portraits captures the souls of these men and women: their hardiness, their work ethic, their dedication to the land.0Portraiture is one of the strongest visual methods of communication. As Pang Xiaowei says, &quot;Portraits have a language; they can tell us so much. Portraits have force, and that force is directed towards our hearts.&quot; Looking into the eyes of the farmers featured in this book, that connection is evident. These portraits forge a link between the observer and the subject, building on the ancient Chinese tradition of &apos;spirit resonance in portraiture&apos; (chuan shen xie zhao). This aspect of Xiaowei&apos;s photography is explored in an accompanying essay by the celebrated Chinese artist, Chen Lvsheng.00Exhibition: Times Square, New York, USA (October 2020) / Yantai Art Museum, The National Art Museum of China, and many other venues.</subfield></datafield><datafield ind1='1' ind2='0' tag='600'><subfield code='a'>Pang, Xiaowei.</subfield></datafield><datafield ind1=' ' ind2='0' tag='650'><subfield code='a'>Farmers</subfield><subfield code='z'>China</subfield><subfield code='v'>Portraits.</subfield></datafield><datafield ind1=' ' ind2='0' tag='650'><subfield code='a'>Portrait photography</subfield><subfield code='z'>China.</subfield></datafield><datafield ind1=' ' ind2='6' tag='650'><subfield code='a'>Agriculteurs</subfield><subfield code='0'>(CaQQLa)201-0019008</subfield><subfield code='z'>Chine</subfield><subfield code='0'>(CaQQLa)201-0476619</subfield><subfield code='v'>Portraits.</subfield><subfield code='0'>(CaQQLa)201-0378236</subfield></datafield><datafield ind1=' ' ind2='6' tag='650'><subfield code='a'>Portraits (Photographie)</subfield><subfield code='0'>(CaQQLa)201-0030608</subfield><subfield code='z'>Chine.</subfield><subfield code='0'>(CaQQLa)201-0476619</subfield></datafield><datafield ind1=' ' ind2='7' tag='650'><subfield code='a'>Farmers.</subfield><subfield code='2'>fast</subfield><subfield code='0'>(OCoLC)fst00921321</subfield></datafield><datafield ind1=' ' ind2='7' tag='650'><subfield code='a'>Portrait photography.</subfield><subfield code='2'>fast</subfield><subfield code='0'>(OCoLC)fst01072259</subfield></datafield><datafield ind1=' ' ind2='7' tag='651'><subfield code='a'>China.</subfield><subfield code='2'>fast</subfield><subfield code='0'>(OCoLC)fst01206073</subfield></datafield><datafield ind1=' ' ind2='7' tag='655'><subfield code='a'>Portraits.</subfield><subfield code='2'>fast</subfield><subfield code='0'>(OCoLC)fst01423831</subfield></datafield><datafield ind1='1' ind2='2' tag='700'><subfield code='a'>Pang, Xiaowei.</subfield><subfield code='t'>Works.</subfield><subfield code='k'>Selections.</subfield></datafield><datafield ind1=' ' ind2=' ' tag='901'><subfield code='a'>c0eca549-9de9-4732-b9d9-814e7bbb240e</subfield><subfield code='b'>25</subfield><subfield code='c'>false</subfield></datafield><datafield ind1='0' ind2='0' tag='852'><subfield code='h'>TR681.F316 P36 2023</subfield><subfield code='0'>15546442</subfield><subfield code='b'>scsbcul</subfield></datafield><datafield ind1=' ' ind2=' ' tag='876'><subfield code='0'>15546442</subfield><subfield code='a'>22143115</subfield><subfield code='h'>In Library Use</subfield><subfield code='j'>Available</subfield><subfield code='p'>AR03138763</subfield><subfield code='t'>1</subfield><subfield code='x'>Shared</subfield><subfield code='z'>AR</subfield><subfield code='l'>RECAP</subfield></datafield></record>