
<record><leader>02639cam a2200385 a 4500</leader><controlfield tag='001'>SCSB-5223343</controlfield><controlfield tag='003'>NNC</controlfield><controlfield tag='005'>20221121181647.0</controlfield><controlfield tag='008'>050412s2005    mau           000 1 eng  </controlfield><controlfield tag='009'>5533601</controlfield><datafield ind1=' ' ind2=' ' tag='010'><subfield code='a'>  2005010333</subfield></datafield><datafield ind1=' ' ind2=' ' tag='020'><subfield code='a'>0618472177</subfield></datafield><datafield ind1='3' ind2=' ' tag='024'><subfield code='a'>9780618472178</subfield></datafield><datafield ind1=' ' ind2=' ' tag='035'><subfield code='a'>(OCoLC)OCM59279747</subfield></datafield><datafield ind1=' ' ind2=' ' tag='035'><subfield code='a'>(NNC)5533601</subfield></datafield><datafield ind1=' ' ind2=' ' tag='035'><subfield code='a'>5533601</subfield></datafield><datafield ind1=' ' ind2=' ' tag='040'><subfield code='a'>DLC</subfield><subfield code='c'>DLC</subfield><subfield code='d'>BAKER</subfield><subfield code='d'>C#P</subfield><subfield code='d'>OrLoB-B</subfield></datafield><datafield ind1=' ' ind2=' ' tag='043'><subfield code='a'>n-us-mn</subfield></datafield><datafield ind1='0' ind2='0' tag='050'><subfield code='a'>PS3619.T744</subfield><subfield code='b'>T67 2005</subfield></datafield><datafield ind1='0' ind2='0' tag='082'><subfield code='a'>813/.6</subfield><subfield code='2'>22</subfield></datafield><datafield ind1='1' ind2=' ' tag='100'><subfield code='a'>Strayed, Cheryl,</subfield><subfield code='d'>1968-</subfield><subfield code='0'>http://id.loc.gov/authorities/names/n2005026589</subfield></datafield><datafield ind1='1' ind2='0' tag='245'><subfield code='a'>Torch /</subfield><subfield code='c'>Cheryl Strayed.</subfield></datafield><datafield ind1=' ' ind2=' ' tag='260'><subfield code='a'>Boston :</subfield><subfield code='b'>Houghton Mifflin,</subfield><subfield code='c'>2005.</subfield></datafield><datafield ind1=' ' ind2=' ' tag='300'><subfield code='a'>322 pages ;</subfield><subfield code='c'>24 cm</subfield></datafield><datafield ind1=' ' ind2=' ' tag='336'><subfield code='a'>text</subfield><subfield code='b'>txt</subfield><subfield code='2'>rdacontent</subfield></datafield><datafield ind1=' ' ind2=' ' tag='337'><subfield code='a'>unmediated</subfield><subfield code='b'>n</subfield><subfield code='2'>rdamedia</subfield></datafield><datafield ind1='1' ind2=' ' tag='520'><subfield code='a'>&quot;Be incredible! That&apos;s the advice Teresa Rae Wood gives the listeners of her popular local radio show, Modern Pioneers!, a kind of hippie Prairie Home Companion, Teresa has taken the advice to heart in her own life. As a teen mother and abused wife, she escaped with her two children to rural Minnesota, fell in love with a local carpenter, and raised good kids, Claire and Joshua. Then, at only thirty-eight, she receives the devastating news that she is gravely ill. In just a few weeks, she is gone.&quot; &quot;Infused with compassion and humor, Torch takes an unsentimental view of a family reeling from crisis. Claire drops out of college to devote herself to keeping her mother&apos;s memory alive back home. Joshua drifts out of high school and into trouble, keeping his grief silently private. Suddenly thrown into adulthood, they struggle to figure out how to connect in this new, unthinkable situation. Their one remaining ballast is Teresa&apos;s gentle common-law husband, Bruce. When Bruce announces news of his own plans, it comes as a chock not only to Claire and Joshua but also to the townspeople who have watched this unusual family grow and have come to love them.&quot;--BOOK JACKET.</subfield></datafield><datafield ind1=' ' ind2='0' tag='650'><subfield code='a'>Women in radio broadcasting</subfield><subfield code='v'>Fiction.</subfield><subfield code='0'>http://id.loc.gov/authorities/subjects/sh2010119049</subfield></datafield><datafield ind1=' ' ind2='0' tag='650'><subfield code='a'>Cancer</subfield><subfield code='x'>Patients</subfield><subfield code='v'>Fiction.</subfield><subfield code='0'>http://id.loc.gov/authorities/subjects/sh2008100051</subfield></datafield><datafield ind1=' ' ind2='0' tag='650'><subfield code='a'>Mothers</subfield><subfield code='x'>Death</subfield><subfield code='v'>Fiction.</subfield><subfield code='0'>http://id.loc.gov/authorities/subjects/sh2008107230</subfield></datafield><datafield ind1=' ' ind2='0' tag='650'><subfield code='a'>Cancer in women</subfield><subfield code='v'>Fiction.</subfield></datafield><datafield ind1=' ' ind2='0' tag='651'><subfield code='a'>Minnesota</subfield><subfield code='v'>Fiction.</subfield><subfield code='0'>http://id.loc.gov/authorities/subjects/sh2008107250</subfield></datafield><datafield ind1=' ' ind2='7' tag='655'><subfield code='a'>Psychological fiction.</subfield><subfield code='2'>lcgft</subfield><subfield code='0'>http://id.loc.gov/authorities/genreForms/gf2014026492</subfield></datafield><datafield ind1=' ' ind2='7' tag='655'><subfield code='a'>Domestic fiction.</subfield><subfield code='2'>lcgft</subfield><subfield code='0'>http://id.loc.gov/authorities/genreForms/gf2014026295</subfield></datafield><datafield ind1='0' ind2='0' tag='852'><subfield code='h'>PS3619.T744 T67 2005</subfield><subfield code='0'>5209648</subfield><subfield code='b'>scsbcul</subfield></datafield><datafield ind1=' ' ind2=' ' tag='876'><subfield code='0'>5209648</subfield><subfield code='a'>7783529</subfield><subfield code='h'> </subfield><subfield code='j'>Available</subfield><subfield code='p'>CU11827084</subfield><subfield code='t'>1</subfield><subfield code='x'>Shared</subfield><subfield code='z'>CU</subfield><subfield code='l'>RECAP</subfield></datafield></record>