
<record><leader>01290aam a2200337 a 4500</leader><controlfield tag='001'>SCSB-4842206</controlfield><controlfield tag='003'>NNC</controlfield><controlfield tag='005'>20221027061844.0</controlfield><controlfield tag='008'>020810s2001    ii ab    s   f000 0 eng  </controlfield><controlfield tag='009'>4229559</controlfield><datafield ind1=' ' ind2=' ' tag='010'><subfield code='a'>  2002286698</subfield></datafield><datafield ind1=' ' ind2=' ' tag='025'><subfield code='a'>I-E-2002-286698; 78-19</subfield></datafield><datafield ind1=' ' ind2=' ' tag='035'><subfield code='a'>(OCoLC)ocm52178943</subfield></datafield><datafield ind1=' ' ind2=' ' tag='035'><subfield code='a'>(NNC)4229559</subfield></datafield><datafield ind1=' ' ind2=' ' tag='035'><subfield code='a'>4229559</subfield></datafield><datafield ind1=' ' ind2=' ' tag='037'><subfield code='b'>Library of Congress -- New Delhi Overseas Office</subfield><subfield code='c'>Rs20.00 ($1.01 U.S.)</subfield></datafield><datafield ind1=' ' ind2=' ' tag='040'><subfield code='a'>DLC</subfield><subfield code='c'>DLC</subfield><subfield code='d'>NNC</subfield></datafield><datafield ind1=' ' ind2=' ' tag='042'><subfield code='a'>lcode</subfield></datafield><datafield ind1=' ' ind2=' ' tag='043'><subfield code='a'>a-ii---</subfield></datafield><datafield ind1='0' ind2='0' tag='050'><subfield code='a'>HA4587.D33</subfield><subfield code='b'>P67 2001</subfield></datafield><datafield ind1='0' ind2='2' tag='245'><subfield code='a'>A portrait of population, Dadra &amp; Nagar Haveli /</subfield><subfield code='c'>[prepared by] Directorate of Census Operations, Gujarat.</subfield></datafield><datafield ind1='1' ind2=' ' tag='246'><subfield code='i'>At head of title:</subfield><subfield code='a'>Census of India, 1991</subfield></datafield><datafield ind1=' ' ind2=' ' tag='260'><subfield code='a'>Delhi :</subfield><subfield code='b'>Controller of Publications,</subfield><subfield code='c'>2001.</subfield></datafield><datafield ind1=' ' ind2=' ' tag='300'><subfield code='a'>xvi, 150 pages :</subfield><subfield code='b'>illustrations, map ;</subfield><subfield code='c'>22 cm</subfield></datafield><datafield ind1=' ' ind2=' ' tag='336'><subfield code='a'>text</subfield><subfield code='b'>txt</subfield><subfield code='2'>rdacontent</subfield></datafield><datafield ind1=' ' ind2=' ' tag='337'><subfield code='a'>unmediated</subfield><subfield code='b'>n</subfield><subfield code='2'>rdamedia</subfield></datafield><datafield ind1=' ' ind2=' ' tag='500'><subfield code='a'>Includes statistical tables.</subfield></datafield><datafield ind1=' ' ind2='0' tag='651'><subfield code='a'>Dādra and Nagar Haveli (India)</subfield><subfield code='x'>Population</subfield><subfield code='v'>Statistics.</subfield></datafield><datafield ind1=' ' ind2='0' tag='651'><subfield code='a'>Dādra and Nagar Haveli (India)</subfield><subfield code='v'>Census, 1991.</subfield></datafield><datafield ind1=' ' ind2='0' tag='651'><subfield code='a'>India</subfield><subfield code='v'>Census, 1991.</subfield><subfield code='0'>http://id.loc.gov/authorities/subjects/sh2008115410</subfield></datafield><datafield ind1='1' ind2=' ' tag='710'><subfield code='a'>India.</subfield><subfield code='b'>Director of Census Operations, Gujarat.</subfield><subfield code='0'>http://id.loc.gov/authorities/names/n82218328</subfield></datafield><datafield ind1='0' ind2='0' tag='852'><subfield code='h'>HA4587.D33 P67 2001</subfield><subfield code='0'>4852453</subfield><subfield code='b'>scsbcul</subfield></datafield><datafield ind1=' ' ind2=' ' tag='876'><subfield code='0'>4852453</subfield><subfield code='a'>7339187</subfield><subfield code='h'> </subfield><subfield code='j'>Available</subfield><subfield code='p'>CU70594503</subfield><subfield code='t'>1</subfield><subfield code='x'>Shared</subfield><subfield code='z'>CU</subfield><subfield code='l'>RECAP</subfield></datafield></record>