
<record><leader>01040cam a2200265Ii 4500</leader><controlfield tag='001'>SCSB-10321036</controlfield><controlfield tag='005'>20020606163548.3</controlfield><controlfield tag='008'>760120s1974    ii ab        f000 0 eng d</controlfield><controlfield tag='009'>990071289110203941</controlfield><datafield ind1=' ' ind2=' ' tag='035'><subfield code='a'>(OCoLC)1937660</subfield></datafield><datafield ind1=' ' ind2=' ' tag='040'><subfield code='a'>GSU</subfield><subfield code='c'>GSU</subfield><subfield code='d'>OCL</subfield><subfield code='d'>TOZ</subfield></datafield><datafield ind1=' ' ind2=' ' tag='043'><subfield code='a'>a-ii---</subfield></datafield><datafield ind1=' ' ind2='4' tag='050'><subfield code='a'>HN690.D3</subfield><subfield code='b'>D37</subfield></datafield><datafield ind1=' ' ind2=' ' tag='090'><subfield code='a'>HN690.D3</subfield><subfield code='b'>D37</subfield></datafield><datafield ind1='0' ind2='0' tag='245'><subfield code='a'>Dapada, a village in Dadra and Nagar Haveli /</subfield><subfield code='c'>field investigation and draft, Ganesh Dass, M. L. Sah ; field assistance, K. P. Patel ; consultant, B. K. Roy Burman ; editing, K. D. Ballal.</subfield></datafield><datafield ind1=' ' ind2=' ' tag='260'><subfield code='a'>New Delhi :</subfield><subfield code='b'>Office of the Registrar General, Ministry of Home Affairs,</subfield><subfield code='c'>1974.</subfield></datafield><datafield ind1=' ' ind2=' ' tag='300'><subfield code='a'>xv, 299 p. :</subfield><subfield code='b'>ill. ;</subfield><subfield code='c'>20 cm.</subfield></datafield><datafield ind1='0' ind2=' ' tag='490'><subfield code='a'>Village survey monograph, socio-economic survey ; pt. VI-C</subfield></datafield><datafield ind1=' ' ind2=' ' tag='500'><subfield code='a'>At head of title: Census of India, 1971.</subfield></datafield><datafield ind1=' ' ind2=' ' tag='500'><subfield code='a'>&quot;Ser. 1 - India.&quot;</subfield></datafield><datafield ind1=' ' ind2=' ' tag='500'><subfield code='a'>&quot;Monograph no. 2; no. 11 of 1961 series.&quot;</subfield></datafield><datafield ind1=' ' ind2='0' tag='650'><subfield code='a'>Villages</subfield><subfield code='z'>India</subfield><subfield code='z'>Dapada.</subfield></datafield><datafield ind1=' ' ind2='0' tag='651'><subfield code='a'>Dapada (India)</subfield><subfield code='x'>Social conditions.</subfield></datafield><datafield ind1='1' ind2=' ' tag='700'><subfield code='a'>Dass, Ganesh.</subfield></datafield><datafield ind1='1' ind2=' ' tag='710'><subfield code='a'>India.</subfield><subfield code='b'>Ministry of Home Affairs.</subfield></datafield><datafield ind1='1' ind2=' ' tag='583'><subfield code='a'>committed to retain</subfield><subfield code='c'>20181001</subfield><subfield code='d'>in perpetuity</subfield><subfield code='f'>ReCAP Shared Collection</subfield><subfield code='5'>HUL</subfield><subfield code='8'>222010526100003941</subfield></datafield><datafield ind1='7' ind2=' ' tag='852'><subfield code='2'>ZTOZ</subfield><subfield code='c'>HD</subfield><subfield code='h'>L.SOC.60.1 (1971:1:6-C:2)</subfield><subfield code='0'>11089245</subfield><subfield code='b'>scsbhl</subfield></datafield><datafield ind1=' ' ind2=' ' tag='876'><subfield code='0'>11089245</subfield><subfield code='a'>16808778</subfield><subfield code='h'> </subfield><subfield code='j'>Available</subfield><subfield code='k'>TOZ</subfield><subfield code='p'>TZ2J6Y</subfield><subfield code='x'>Shared</subfield><subfield code='z'>TZ</subfield><subfield code='l'>HD</subfield></datafield></record>