
<record><leader>01099cam a2200265   4500</leader><controlfield tag='001'>SCSB-7934388</controlfield><controlfield tag='005'>20000629173557.0</controlfield><controlfield tag='008'>791114s1974    ii a          00| 0|eng|d</controlfield><controlfield tag='009'>.b105939754</controlfield><datafield ind1=' ' ind2=' ' tag='040'><subfield code='a'>NN</subfield><subfield code='c'>NN</subfield><subfield code='d'>WaOLN</subfield></datafield><datafield ind1='1' ind2=' ' tag='100'><subfield code='a'>Dass, Ganesh.</subfield></datafield><datafield ind1='1' ind2='0' tag='245'><subfield code='a'>Socio-economic profile of Dadra and Nagar Haveli /</subfield><subfield code='c'>compilation and draft: Ganesh Dass; editing: K. D. Ballal.</subfield></datafield><datafield ind1=' ' ind2=' ' tag='260'><subfield code='a'>New Delhi :</subfield><subfield code='b'>Office of the Registrar General, Ministry of Home Affairs,</subfield><subfield code='c'>1974.</subfield></datafield><datafield ind1=' ' ind2=' ' tag='300'><subfield code='a'>iv, 71 p. :</subfield><subfield code='b'>map ;</subfield><subfield code='c'>21 cm.</subfield></datafield><datafield ind1=' ' ind2=' ' tag='500'><subfield code='a'>At head of title: Census of India 1971, series I-India,</subfield></datafield><datafield ind1=' ' ind2=' ' tag='500'><subfield code='a'>Miscellaneous studies, Monograph no. 2 (no. 10 of 1961 series)</subfield></datafield><datafield ind1=' ' ind2='0' tag='651'><subfield code='a'>Dādra and Nagar Haveli (India)</subfield><subfield code='x'>Social conditions.</subfield></datafield><datafield ind1=' ' ind2='0' tag='651'><subfield code='a'>Dādra and Nagar Haveli (India)</subfield><subfield code='x'>Economic conditions.</subfield></datafield><datafield ind1='1' ind2=' ' tag='710'><subfield code='a'>India.</subfield><subfield code='b'>Office of the Registrar General.</subfield></datafield><datafield ind1=' ' ind2=' ' tag='907'><subfield code='a'>.b105939754</subfield><subfield code='c'>m</subfield><subfield code='d'>a</subfield><subfield code='e'>-</subfield><subfield code='f'>eng</subfield><subfield code='g'>ii</subfield><subfield code='h'>0</subfield><subfield code='i'>1</subfield></datafield><datafield ind1=' ' ind2=' ' tag='991'><subfield code='y'>2046135</subfield></datafield><datafield ind1=' ' ind2=' ' tag='035'><subfield code='a'>(OCoLC)2046135</subfield></datafield><datafield ind1=' ' ind2=' ' tag='901'><subfield code='a'>d6830678-47c2-4e95-b073-bd4fb4611e65</subfield><subfield code='b'>9</subfield><subfield code='c'>false</subfield></datafield><datafield ind1='8' ind2=' ' tag='852'><subfield code='h'>JLD 79-2732</subfield><subfield code='0'>8075514</subfield><subfield code='b'>scsbnypl</subfield></datafield><datafield ind1=' ' ind2=' ' tag='876'><subfield code='0'>8075514</subfield><subfield code='a'>13278060</subfield><subfield code='j'>Available</subfield><subfield code='p'>33433096542919</subfield><subfield code='t'>1</subfield><subfield code='x'>Open</subfield><subfield code='z'>NA</subfield><subfield code='l'>RECAP</subfield></datafield></record>