
<record><leader>00000nam a2200469 i 4500</leader><controlfield tag='001'>SCSB-9081866</controlfield><controlfield tag='003'>ItFiC</controlfield><controlfield tag='005'>20180514121724.0</controlfield><controlfield tag='008'>180328e201803  it a     ab   100 0 ita dnam i </controlfield><controlfield tag='009'>.b21621712x</controlfield><datafield ind1='2' ind2=' ' tag='111'><subfield code='a'>Grande Guerra, luoghi, eventi, testimonianze, voci (Conference)</subfield><subfield code='d'>(2015 :</subfield><subfield code='c'>Naples, Italy)</subfield></datafield><datafield ind1='1' ind2=' ' tag='700'><subfield code='a'>Chirico, Maria Luisa,</subfield><subfield code='e'>editor.</subfield></datafield><datafield ind1='1' ind2=' ' tag='700'><subfield code='a'>Conti, Simonetta,</subfield><subfield code='e'>editor.</subfield></datafield><datafield ind1=' ' ind2='0' tag='650'><subfield code='a'>World War, 1914-1918</subfield><subfield code='z'>Italy</subfield><subfield code='v'>Congresses.</subfield></datafield><datafield ind1=' ' ind2='0' tag='651'><subfield code='a'>Italy</subfield><subfield code='x'>History</subfield><subfield code='y'>1914-1922</subfield><subfield code='v'>Congresses.</subfield></datafield><datafield ind1=' ' ind2=' ' tag='250'><subfield code='a'>I edizione.</subfield></datafield><datafield ind1=' ' ind2=' ' tag='020'><subfield code='a'>9788825512595 :</subfield><subfield code='c'>54.00 EUR</subfield></datafield><datafield ind1=' ' ind2=' ' tag='500'><subfield code='a'>Proceedings of the conference held in Naples, Italy, December 3-4, 2015.</subfield></datafield><datafield ind1=' ' ind2=' ' tag='500'><subfield code='a'>&quot;A11&quot;--Page 1.</subfield></datafield><datafield ind1=' ' ind2=' ' tag='504'><subfield code='a'>Includes bibliographical references.</subfield></datafield><datafield ind1=' ' ind2=' ' tag='546'><subfield code='a'>Contributions in Italian; abstracts in English and Italian.</subfield></datafield><datafield ind1=' ' ind2='1' tag='264'><subfield code='a'>Canterano (RM) :</subfield><subfield code='b'>Aracne editrice,</subfield><subfield code='c'>marzo 2018.</subfield></datafield><datafield ind1=' ' ind2=' ' tag='300'><subfield code='a'>820 pages :</subfield><subfield code='b'>illustrations (chiefly color) ;</subfield><subfield code='c'>25 cm</subfield></datafield><datafield ind1=' ' ind2=' ' tag='336'><subfield code='a'>text</subfield><subfield code='b'>txt</subfield><subfield code='2'>rdacontent</subfield></datafield><datafield ind1=' ' ind2=' ' tag='337'><subfield code='a'>unmediated</subfield><subfield code='b'>n</subfield><subfield code='2'>rdamedia</subfield></datafield><datafield ind1=' ' ind2=' ' tag='338'><subfield code='a'>volume</subfield><subfield code='b'>nc</subfield><subfield code='2'>rdacarrier</subfield></datafield><datafield ind1='1' ind2='3' tag='245'><subfield code='a'>La Grande Guerra :</subfield><subfield code='b'>luoghi, eventi, testimonianze, voci /</subfield><subfield code='c'>a cura di Maria Luisa Chirico, Simonetta Conti ; contributi di Davide Allegri [and twentynine others].</subfield></datafield><datafield ind1=' ' ind2=' ' tag='040'><subfield code='a'>ItFiC</subfield><subfield code='b'>eng</subfield><subfield code='e'>rda</subfield><subfield code='c'>ItFiC</subfield></datafield><datafield ind1='0' ind2=' ' tag='041'><subfield code='a'>ita</subfield><subfield code='b'>eng</subfield><subfield code='b'>ita</subfield></datafield><datafield ind1=' ' ind2=' ' tag='043'><subfield code='a'>e-it---</subfield></datafield><datafield ind1='0' ind2='0' tag='050'><subfield code='a'>D569.A2</subfield><subfield code='b'>G697 2015</subfield></datafield><datafield ind1='0' ind2='0' tag='908'><subfield code='a'>D569.A2</subfield><subfield code='b'>G697 2015</subfield></datafield><datafield ind1=' ' ind2=' ' tag='901'><subfield code='a'>CSL</subfield><subfield code='c'>it 18804022</subfield></datafield><datafield ind1=' ' ind2=' ' tag='981'><subfield code='e'>58.32</subfield><subfield code='i'>67.75</subfield><subfield code='k'>USD</subfield><subfield code='u'>5.42</subfield></datafield><datafield ind1='0' ind2='0' tag='907'><subfield code='a'>.b21621712x</subfield></datafield><datafield ind1=' ' ind2=' ' tag='035'><subfield code='a'>(OCoLC)1035680218</subfield></datafield><datafield ind1='8' ind2=' ' tag='852'><subfield code='h'>ReCAP 18-71910</subfield><subfield code='0'>9315111</subfield><subfield code='b'>scsbnypl</subfield></datafield><datafield ind1=' ' ind2=' ' tag='876'><subfield code='0'>9315111</subfield><subfield code='a'>14964112</subfield><subfield code='j'>Available</subfield><subfield code='p'>33433121232700</subfield><subfield code='t'>1</subfield><subfield code='x'>Shared</subfield><subfield code='z'>NA</subfield><subfield code='l'>RECAP</subfield></datafield></record>