
<record><leader>00000cam a2200241Ma 4500</leader><controlfield tag='001'>SCSB-12039235</controlfield><controlfield tag='005'>20110517111157.0</controlfield><controlfield tag='008'>101230s2010    fr ab  g bd   000 0 fre d</controlfield><controlfield tag='009'>990127506170203941</controlfield><datafield ind1=' ' ind2=' ' tag='020'><subfield code='a'>9782354221935 (pbk.)</subfield></datafield><datafield ind1=' ' ind2=' ' tag='020'><subfield code='a'>2354221932 (pbk.)</subfield></datafield><datafield ind1=' ' ind2=' ' tag='035'><subfield code='a'>(OCoLC)715267591</subfield></datafield><datafield ind1=' ' ind2=' ' tag='040'><subfield code='a'>AUXAM</subfield><subfield code='c'>AUXAM</subfield><subfield code='d'>TZT</subfield></datafield><datafield ind1=' ' ind2=' ' tag='050'><subfield code='a'>D510</subfield><subfield code='b'>.M49 2010</subfield></datafield><datafield ind1='1' ind2='4' tag='082'><subfield code='a'>900</subfield><subfield code='2'>1</subfield></datafield><datafield ind1='1' ind2=' ' tag='100'><subfield code='a'>Meyniel, Joël</subfield></datafield><datafield ind1='1' ind2='0' tag='245'><subfield code='a'>Vocabulaire illustré de la Grande guerre :</subfield><subfield code='b'>1914-1918 /</subfield><subfield code='c'>Joël Meyniel.</subfield></datafield><datafield ind1=' ' ind2=' ' tag='260'><subfield code='a'>Fontaine :</subfield><subfield code='b'>Emotion primitive</subfield><subfield code='c'>[2010]</subfield></datafield><datafield ind1=' ' ind2=' ' tag='300'><subfield code='a'>318 p. :</subfield><subfield code='b'>ill., maps ;</subfield><subfield code='c'>20 cm.</subfield></datafield><datafield ind1=' ' ind2=' ' tag='504'><subfield code='a'>Includes bibliographical references (p. 306-307).</subfield></datafield><datafield ind1=' ' ind2='0' tag='650'><subfield code='a'>World War, 1914-1918</subfield><subfield code='v'>Dictionaries.</subfield></datafield><datafield ind1=' ' ind2='7' tag='647'><subfield code='a'>World War</subfield><subfield code='d'>(1914-1918)</subfield><subfield code='2'>fast</subfield><subfield code='0'>(OCoLC)fst01180746</subfield></datafield><datafield ind1=' ' ind2='7' tag='648'><subfield code='a'>1914-1918</subfield><subfield code='2'>fast</subfield></datafield><datafield ind1=' ' ind2='7' tag='655'><subfield code='a'>Dictionaries</subfield><subfield code='2'>fast</subfield><subfield code='0'>(OCoLC)fst01423826</subfield></datafield><datafield ind1=' ' ind2='7' tag='655'><subfield code='a'>Dictionaries</subfield><subfield code='2'>lcgft</subfield><subfield code='0'>http://id.loc.gov/authorities/genreForms/gf2014026086</subfield><subfield code='0'>(uri) http://id.loc.gov/authorities/genreForms/gf2014026086</subfield></datafield><datafield ind1='1' ind2=' ' tag='583'><subfield code='a'>committed to retain</subfield><subfield code='c'>20181001</subfield><subfield code='d'>in perpetuity</subfield><subfield code='f'>ReCAP Shared Collection</subfield><subfield code='5'>HUL</subfield><subfield code='8'>222134126060003941</subfield></datafield><datafield ind1='0' ind2=' ' tag='852'><subfield code='c'>HD</subfield><subfield code='h'>D510</subfield><subfield code='i'>.M49 2010</subfield><subfield code='0'>12865717</subfield><subfield code='b'>scsbhl</subfield></datafield><datafield ind1=' ' ind2=' ' tag='876'><subfield code='0'>12865717</subfield><subfield code='a'>18659398</subfield><subfield code='h'> </subfield><subfield code='j'>Available</subfield><subfield code='k'>WID</subfield><subfield code='p'>32044120788427</subfield><subfield code='x'>Shared</subfield><subfield code='z'>HW</subfield><subfield code='l'>HD</subfield></datafield></record>