
<record><leader>00000cam a2200433 a 4500</leader><controlfield tag='001'>SCSB-11417845</controlfield><controlfield tag='005'>20160623022655.0</controlfield><controlfield tag='008'>110218s2011    enkb     b    001 0 eng  </controlfield><controlfield tag='009'>990129923500203941</controlfield><datafield ind1=' ' ind2=' ' tag='010'><subfield code='a'>^^2011007330</subfield></datafield><datafield ind1=' ' ind2=' ' tag='020'><subfield code='a'>9780199794829 (hardback)</subfield></datafield><datafield ind1=' ' ind2=' ' tag='020'><subfield code='a'>0199794820 (hardback)</subfield></datafield><datafield ind1=' ' ind2=' ' tag='020'><subfield code='a'>9780199794836 (pbk.)</subfield></datafield><datafield ind1=' ' ind2=' ' tag='020'><subfield code='a'>0199794839 (pbk.)</subfield></datafield><datafield ind1=' ' ind2=' ' tag='035'><subfield code='a'>(OCoLC)703104572</subfield><subfield code='z'>(OCoLC)751795523</subfield></datafield><datafield ind1=' ' ind2=' ' tag='040'><subfield code='a'>DLC</subfield><subfield code='c'>DLC</subfield><subfield code='d'>YDXCP</subfield><subfield code='d'>AFQ</subfield><subfield code='d'>CDX</subfield><subfield code='d'>BWX</subfield></datafield><datafield ind1=' ' ind2=' ' tag='042'><subfield code='a'>pcc</subfield></datafield><datafield ind1='0' ind2='0' tag='050'><subfield code='a'>JV6225</subfield><subfield code='b'>.W45 2011</subfield></datafield><datafield ind1='0' ind2='0' tag='082'><subfield code='a'>304.8</subfield><subfield code='2'>22</subfield></datafield><datafield ind1='1' ind2=' ' tag='100'><subfield code='a'>White, Gregory,</subfield><subfield code='d'>1960-</subfield></datafield><datafield ind1='1' ind2='0' tag='245'><subfield code='a'>Climate change and migration :</subfield><subfield code='b'>security and borders in a warming world /</subfield><subfield code='c'>Gregory White.</subfield></datafield><datafield ind1=' ' ind2=' ' tag='260'><subfield code='a'>Oxford ;</subfield><subfield code='a'>New York :</subfield><subfield code='b'>Oxford University Press,</subfield><subfield code='c'>c2011.</subfield></datafield><datafield ind1=' ' ind2=' ' tag='300'><subfield code='a'>xvi, 180 p. :</subfield><subfield code='b'>map ;</subfield><subfield code='c'>24 cm.</subfield></datafield><datafield ind1=' ' ind2=' ' tag='504'><subfield code='a'>Includes bibliographical references and index.</subfield></datafield><datafield ind1='0' ind2=' ' tag='505'><subfield code='a'>Climate-induced migration : an essentially contested concept -- Scope and dimensions : Sahelian and Sub-Saharan African migration to Europe -- The &quot;securitization&quot; of climate-induced migration -- Transit states and the thickening of borders -- Pulling back the curtain on the security oz : multilateral governance and genuine sustainability in a warming world.</subfield></datafield><datafield ind1='8' ind2=' ' tag='520'><subfield code='a'>Focusing on climate-induced migration from Africa to Europe White shows how global warming&apos;s impact on international relations has been significant, enhancing the security regimes in not only the advanced economies of the North Atlantic, but in the states that serve as transit points between the most advanced and desperate nations.</subfield></datafield><datafield ind1=' ' ind2='0' tag='650'><subfield code='a'>Emigration and immigration</subfield><subfield code='x'>Social aspects</subfield></datafield><datafield ind1=' ' ind2='0' tag='650'><subfield code='a'>Emigration and immigration</subfield><subfield code='x'>Environmental aspects.</subfield></datafield><datafield ind1=' ' ind2='0' tag='650'><subfield code='a'>Climatic changes</subfield><subfield code='x'>Social aspects</subfield></datafield><datafield ind1=' ' ind2='0' tag='650'><subfield code='a'>Global environmental change</subfield><subfield code='x'>Social aspects.</subfield></datafield><datafield ind1=' ' ind2='0' tag='650'><subfield code='a'>Global warming</subfield><subfield code='x'>Social aspects.</subfield></datafield><datafield ind1='0' ind2=' ' tag='730'><subfield code='a'>University press scholarship online.</subfield><subfield code='5'>net</subfield></datafield><datafield ind1='1' ind2=' ' tag='583'><subfield code='a'>committed to retain</subfield><subfield code='c'>20181001</subfield><subfield code='d'>in perpetuity</subfield><subfield code='f'>ReCAP Shared Collection</subfield><subfield code='5'>HUL</subfield><subfield code='8'>222153483310003941</subfield></datafield><datafield ind1='0' ind2=' ' tag='852'><subfield code='c'>HD</subfield><subfield code='h'>JV6225</subfield><subfield code='i'>.W45 2011</subfield><subfield code='0'>12226019</subfield><subfield code='b'>scsbhl</subfield></datafield><datafield ind1=' ' ind2=' ' tag='876'><subfield code='0'>12226019</subfield><subfield code='a'>17994637</subfield><subfield code='h'> </subfield><subfield code='j'>Available</subfield><subfield code='k'>WID</subfield><subfield code='p'>32044120093554</subfield><subfield code='x'>Shared</subfield><subfield code='z'>HW</subfield><subfield code='l'>HD</subfield></datafield></record>