
<record><leader>00000nam a2200517Ii 4500</leader><controlfield tag='001'>SCSB-11469792</controlfield><controlfield tag='005'>20171212230554.0</controlfield><controlfield tag='008'>171205t20162016gw a     b    100 0 eng d</controlfield><controlfield tag='009'>990151861410203941</controlfield><datafield ind1='7' ind2=' ' tag='016'><subfield code='a'>1128918242</subfield><subfield code='2'>GyFmDB</subfield></datafield><datafield ind1=' ' ind2=' ' tag='020'><subfield code='a'>9783959250429</subfield><subfield code='q'>(pbk.)</subfield></datafield><datafield ind1=' ' ind2=' ' tag='020'><subfield code='a'>3959250428</subfield><subfield code='q'>(pbk.)</subfield></datafield><datafield ind1=' ' ind2=' ' tag='020'><subfield code='z'>9783959250436</subfield><subfield code='q'>(online)</subfield></datafield><datafield ind1=' ' ind2=' ' tag='035'><subfield code='a'>(OCoLC)1008572482</subfield></datafield><datafield ind1=' ' ind2=' ' tag='040'><subfield code='a'>NyNyMAR</subfield><subfield code='b'>eng</subfield><subfield code='e'>rda</subfield><subfield code='c'>NyNyMAR</subfield></datafield><datafield ind1=' ' ind2=' ' tag='043'><subfield code='a'>e-gx---</subfield></datafield><datafield ind1=' ' ind2='4' tag='050'><subfield code='a'>HB1951</subfield><subfield code='b'>.E93 2016</subfield></datafield><datafield ind1='2' ind2=' ' tag='111'><subfield code='a'>Exceed Conference</subfield><subfield code='n'>(1st :</subfield><subfield code='d'>2016 :</subfield><subfield code='c'>Berlin, Germany),</subfield><subfield code='j'>creator.</subfield></datafield><datafield ind1='1' ind2='0' tag='245'><subfield code='a'>Forced migration--environmental and socioeconomic dimensions :</subfield><subfield code='b'>perspectives of higher education institutions in development cooperation : 1st Exceed Conference summary, 19-20 October 2016, Berlin, Germany /</subfield><subfield code='c'>Exceed Conference ; Prof. Dr. Katja Radon [and four others].</subfield></datafield><datafield ind1='1' ind2='8' tag='246'><subfield code='a'>1st Exceed Conference summary 2016</subfield></datafield><datafield ind1='3' ind2=' ' tag='246'><subfield code='a'>First Exceed Conference summary 2016</subfield></datafield><datafield ind1='3' ind2='0' tag='246'><subfield code='a'>Perspectives of higher education institutions in development cooperation :</subfield><subfield code='b'>1st Exceed Conference summary, 19-20 October 2016, Berlin, Germany</subfield></datafield><datafield ind1=' ' ind2='1' tag='264'><subfield code='a'>Münster :</subfield><subfield code='b'>Münsterscher Verlag für Wissenschaft,</subfield><subfield code='c'>[2016]</subfield></datafield><datafield ind1=' ' ind2='4' tag='264'><subfield code='c'>©2016</subfield></datafield><datafield ind1=' ' ind2=' ' tag='300'><subfield code='a'>76 pages :</subfield><subfield code='b'>color illustrations ;</subfield><subfield code='c'>30 cm.</subfield></datafield><datafield ind1=' ' ind2=' ' tag='336'><subfield code='a'>text</subfield><subfield code='b'>txt</subfield><subfield code='2'>rdacontent</subfield></datafield><datafield ind1=' ' ind2=' ' tag='337'><subfield code='a'>unmediated</subfield><subfield code='b'>n</subfield><subfield code='2'>rdamedia</subfield></datafield><datafield ind1=' ' ind2=' ' tag='338'><subfield code='a'>volume</subfield><subfield code='b'>nc</subfield><subfield code='2'>rdacarrier</subfield></datafield><datafield ind1='0' ind2=' ' tag='490'><subfield code='a'>Open publishing LMU</subfield></datafield><datafield ind1=' ' ind2=' ' tag='500'><subfield code='a'>International conference proceedings.</subfield></datafield><datafield ind1=' ' ind2=' ' tag='500'><subfield code='a'>Cover title.</subfield></datafield><datafield ind1=' ' ind2=' ' tag='504'><subfield code='a'>Includes bibliographical references.</subfield></datafield><datafield ind1=' ' ind2='0' tag='650'><subfield code='a'>Forced migration</subfield><subfield code='x'>Social aspects</subfield><subfield code='v'>Congresses.</subfield></datafield><datafield ind1=' ' ind2='0' tag='650'><subfield code='a'>Forced migration</subfield><subfield code='x'>Economic aspects</subfield><subfield code='v'>Congresses.</subfield></datafield><datafield ind1=' ' ind2='0' tag='650'><subfield code='a'>Globalization</subfield><subfield code='x'>Social aspects</subfield><subfield code='v'>Congresses</subfield></datafield><datafield ind1=' ' ind2='0' tag='650'><subfield code='a'>Globalization</subfield><subfield code='x'>Economic aspects</subfield><subfield code='v'>Congresses</subfield></datafield><datafield ind1=' ' ind2='0' tag='650'><subfield code='a'>Economic development</subfield><subfield code='x'>Social aspects</subfield><subfield code='v'>Congresses</subfield></datafield><datafield ind1=' ' ind2='0' tag='650'><subfield code='a'>Refugees</subfield><subfield code='z'>Germany</subfield><subfield code='v'>Congresses.</subfield></datafield><datafield ind1=' ' ind2='0' tag='650'><subfield code='a'>Universities and colleges</subfield><subfield code='z'>Germany</subfield><subfield code='v'>Congresses.</subfield></datafield><datafield ind1=' ' ind2='7' tag='655'><subfield code='a'>Conference papers and proceedings</subfield><subfield code='2'>fast</subfield><subfield code='0'>(OCoLC)fst01423772</subfield></datafield><datafield ind1='1' ind2=' ' tag='700'><subfield code='a'>Radon, Katja</subfield><subfield code='e'>editor.</subfield></datafield><datafield ind1='0' ind2=' ' tag='776'><subfield code='z'>9783959250436</subfield></datafield><datafield ind1='0' ind2=' ' tag='776'><subfield code='w'>(GyWOH)har175020324</subfield></datafield><datafield ind1='1' ind2=' ' tag='583'><subfield code='a'>committed to retain</subfield><subfield code='c'>20181001</subfield><subfield code='d'>in perpetuity</subfield><subfield code='f'>ReCAP Shared Collection</subfield><subfield code='5'>HUL</subfield><subfield code='8'>222196566590003941</subfield></datafield><datafield ind1='0' ind2=' ' tag='852'><subfield code='c'>HD</subfield><subfield code='h'>HB1951</subfield><subfield code='i'>.E93 2016</subfield><subfield code='0'>12279572</subfield><subfield code='b'>scsbhl</subfield></datafield><datafield ind1=' ' ind2=' ' tag='876'><subfield code='0'>12279572</subfield><subfield code='a'>18050262</subfield><subfield code='h'> </subfield><subfield code='j'>Available</subfield><subfield code='k'>WID</subfield><subfield code='p'>32044141053082</subfield><subfield code='x'>Shared</subfield><subfield code='z'>HW</subfield><subfield code='l'>HD</subfield></datafield></record>