
<record><leader>00000cam a2200481 i 4500</leader><controlfield tag='001'>SCSB-11686728</controlfield><controlfield tag='005'>20160829224732.0</controlfield><controlfield tag='008'>150826s2016    nyuab    b   s001 0 eng  </controlfield><controlfield tag='009'>990147651480203941</controlfield><datafield ind1=' ' ind2=' ' tag='035'><subfield code='a'>(MH)014765148HVD01-Aleph</subfield></datafield><datafield ind1=' ' ind2=' ' tag='010'><subfield code='a'>^^2015027726</subfield></datafield><datafield ind1=' ' ind2=' ' tag='020'><subfield code='a'>9781438461151</subfield><subfield code='q'>hardcover ;</subfield><subfield code='q'>alkaline paper</subfield></datafield><datafield ind1=' ' ind2=' ' tag='020'><subfield code='a'>1438461151</subfield><subfield code='q'>hardcover ;</subfield><subfield code='q'>alkaline paper</subfield></datafield><datafield ind1=' ' ind2=' ' tag='020'><subfield code='a'>9781438461168</subfield><subfield code='q'>paperback ;</subfield><subfield code='q'>alkaline paper</subfield></datafield><datafield ind1=' ' ind2=' ' tag='020'><subfield code='a'>143846116X</subfield><subfield code='q'>paperback ;</subfield><subfield code='q'>alkaline paper</subfield></datafield><datafield ind1=' ' ind2=' ' tag='020'><subfield code='z'>9781438461175</subfield><subfield code='q'>electronic book</subfield></datafield><datafield ind1=' ' ind2=' ' tag='035'><subfield code='a'>(YBPMetadataService)99968480985</subfield></datafield><datafield ind1=' ' ind2=' ' tag='035'><subfield code='a'>(OCoLC)919316178</subfield></datafield><datafield ind1=' ' ind2=' ' tag='040'><subfield code='a'>DLC</subfield><subfield code='e'>rda</subfield><subfield code='b'>eng</subfield><subfield code='c'>DLC</subfield><subfield code='d'>YDX</subfield><subfield code='d'>OCLCF</subfield><subfield code='d'>BDX</subfield><subfield code='d'>YDXCP</subfield><subfield code='d'>BTCTA</subfield><subfield code='d'>CDX</subfield><subfield code='d'>COO</subfield><subfield code='d'>OCL</subfield><subfield code='d'>PUL</subfield><subfield code='d'>GZM</subfield></datafield><datafield ind1=' ' ind2=' ' tag='042'><subfield code='a'>pcc</subfield></datafield><datafield ind1='0' ind2='0' tag='050'><subfield code='a'>PS689</subfield><subfield code='b'>.C74 2016</subfield></datafield><datafield ind1='0' ind2='0' tag='082'><subfield code='a'>814/.6</subfield><subfield code='2'>23</subfield></datafield><datafield ind1='0' ind2='0' tag='245'><subfield code='a'>Creating nonfiction :</subfield><subfield code='b'>twenty essays and interviews with the writers /</subfield><subfield code='c'>edited by Jen Hirt and Erin Murphy.</subfield></datafield><datafield ind1=' ' ind2='1' tag='264'><subfield code='a'>Albany, New York :</subfield><subfield code='b'>Excelsior Editions/State University of New York Press,</subfield><subfield code='c'>[2016]</subfield></datafield><datafield ind1=' ' ind2=' ' tag='300'><subfield code='a'>xii, 241 pages :</subfield><subfield code='b'>illustrations, maps ;</subfield><subfield code='c'>23 cm</subfield></datafield><datafield ind1=' ' ind2=' ' tag='336'><subfield code='a'>text</subfield><subfield code='b'>txt</subfield><subfield code='2'>rdacontent</subfield></datafield><datafield ind1=' ' ind2=' ' tag='337'><subfield code='a'>unmediated</subfield><subfield code='b'>n</subfield><subfield code='2'>rdamedia</subfield></datafield><datafield ind1=' ' ind2=' ' tag='338'><subfield code='a'>volume</subfield><subfield code='b'>nc</subfield><subfield code='2'>rdacarrier</subfield></datafield><datafield ind1=' ' ind2=' ' tag='504'><subfield code='a'>Includes bibliographical references and index.</subfield></datafield><datafield ind1='0' ind2=' ' tag='505'><subfield code='a'>Introduction -- ch.1. &quot;Kestral Avenue&quot; by Cheryl Strayed -- Interview with Cheryl Strayed -- ch.2. &quot;Free to good home&quot; by Lori Jakiela -- Interview with Lori Jakiela -- ch.3. &quot;Tooth and claw&quot; by Dinty W. Moore -- Interview with Dinty W. Moore -- ch. 4. &quot;The collection&quot; by Mary Quade -- Interview with Mary Quade -- ch.5. &quot;Footnotes &amp; endnotes&quot; by Michael Martone -- Interview with Michael Martone -- ch.6. &quot;How to cure a fright&quot; by Kelle Groom -- Interview with Kelle Groom -- ch.7. &quot;The city of the century&quot; by Kristen Radtke -- Interview with Kristen Radtke -- ch.8. &quot;Apocalypse darling&quot; by Barrie Jean Borich -- Interview with Barrie Jean Borich -- ch.9. &quot;Birth geographic&quot; by Aimee Nezhukumatathil -- Interview with Aimee Nezhukumatathil -- ch. 10. &quot;How to give a baby a bath&quot; by Marcia Aldrich -- Interview with Marcia Aldrich -- ch.11. &quot;Seven fathoms down&quot; by Steven Church -- Interview with Steven Church -- ch.12. &quot;Slow burn&quot; by Erin Murphy -- Interview with Erin Murphy -- ch.13. &quot;Gunslinging&quot; by Angela Morales -- Interview with Angela Morales -- ch.14. &quot;The third step&quot; by Sheryl St. Germain -- Interview with Sherly St. Germain -- ch.15. &quot;My wobbly bicycle, 29&quot; by Fleda Brown -- Interview with Fleda Brown -- ch.16. &quot;Students of the route&quot; by Jen Hirt -- Interview with Jen Hirt -- ch.17. &quot;Terremoto&quot; by Toby Thompson -- Interview with Toby Thompson -- ch. 18. &quot;Of ships and men&quot; by Cameron Conaway -- Interview with Cameron Conaway -- ch.19. &quot;How to make sense of the postcolonial nation-state: a definition essay using material lifted almost entirely from the Internet as annotated by the author, herself a Nigerian American&quot; by Faith Adiele -- Interview with Faith Adiele -- ch.20. &quot;YouTube&apos;s winged chariot: on time, memory, and Internet video&quot; by Jeffrey Hammond -- Interview with Jeffrey Hammond.</subfield></datafield><datafield ind1=' ' ind2='0' tag='650'><subfield code='a'>American essays</subfield><subfield code='y'>21st century</subfield></datafield><datafield ind1=' ' ind2='0' tag='650'><subfield code='a'>Reportage literature, American.</subfield></datafield><datafield ind1=' ' ind2='0' tag='650'><subfield code='a'>Creative nonfiction.</subfield></datafield><datafield ind1=' ' ind2='0' tag='650'><subfield code='a'>Authors</subfield><subfield code='v'>Interviews</subfield></datafield><datafield ind1=' ' ind2='7' tag='650'><subfield code='a'>American essays</subfield><subfield code='2'>fast</subfield><subfield code='0'>(OCoLC)fst00807040</subfield></datafield><datafield ind1=' ' ind2='7' tag='650'><subfield code='a'>Authors</subfield><subfield code='2'>fast</subfield><subfield code='0'>(OCoLC)fst00821688</subfield></datafield><datafield ind1=' ' ind2='7' tag='650'><subfield code='a'>Creative nonfiction</subfield><subfield code='2'>fast</subfield><subfield code='0'>(OCoLC)fst01750021</subfield></datafield><datafield ind1=' ' ind2='7' tag='650'><subfield code='a'>Reportage literature, American</subfield><subfield code='2'>fast</subfield><subfield code='0'>(OCoLC)fst01094875</subfield></datafield><datafield ind1=' ' ind2='7' tag='648'><subfield code='a'>2000-2099</subfield><subfield code='2'>fast</subfield></datafield><datafield ind1=' ' ind2='7' tag='655'><subfield code='a'>Interviews</subfield><subfield code='2'>fast</subfield><subfield code='0'>(OCoLC)fst01423832</subfield></datafield><datafield ind1=' ' ind2='7' tag='655'><subfield code='a'>Interviews.</subfield><subfield code='2'>fast</subfield></datafield><datafield ind1='1' ind2=' ' tag='700'><subfield code='a'>Hirt, Jen,</subfield><subfield code='d'>1975-</subfield><subfield code='e'>editor.</subfield></datafield><datafield ind1='1' ind2=' ' tag='700'><subfield code='a'>Murphy, Erin,</subfield><subfield code='d'>1968-</subfield><subfield code='e'>editor.</subfield></datafield><datafield ind1='1' ind2=' ' tag='583'><subfield code='a'>committed to retain</subfield><subfield code='c'>20181001</subfield><subfield code='d'>in perpetuity</subfield><subfield code='f'>ReCAP Shared Collection</subfield><subfield code='5'>HUL</subfield><subfield code='8'>222179193750003941</subfield></datafield><datafield ind1='0' ind2=' ' tag='852'><subfield code='c'>HD</subfield><subfield code='h'>PS689</subfield><subfield code='i'>.C74 2016</subfield><subfield code='0'>12502849</subfield><subfield code='b'>scsbhl</subfield></datafield><datafield ind1=' ' ind2=' ' tag='876'><subfield code='0'>12502849</subfield><subfield code='a'>18281952</subfield><subfield code='h'> </subfield><subfield code='j'>Available</subfield><subfield code='k'>WID</subfield><subfield code='p'>32044136295052</subfield><subfield code='x'>Shared</subfield><subfield code='z'>HW</subfield><subfield code='l'>HD</subfield></datafield></record>