
<record><leader>00772nam a2200277 i 4500</leader><controlfield tag='001'>SCSB-4347225</controlfield><controlfield tag='003'>NNC</controlfield><controlfield tag='005'>20221020073752.0</controlfield><controlfield tag='008'>030307s2003    gw            000 1 ger d</controlfield><controlfield tag='009'>3438158</controlfield><datafield ind1=' ' ind2=' ' tag='020'><subfield code='a'>383217835X (hd.bd.)</subfield></datafield><datafield ind1=' ' ind2=' ' tag='035'><subfield code='a'>(OCoLC)ocm51818383</subfield></datafield><datafield ind1=' ' ind2=' ' tag='035'><subfield code='9'>AVS6069CU</subfield></datafield><datafield ind1=' ' ind2=' ' tag='035'><subfield code='a'>(NNC)3438158</subfield></datafield><datafield ind1=' ' ind2=' ' tag='035'><subfield code='a'>3438158</subfield></datafield><datafield ind1=' ' ind2=' ' tag='040'><subfield code='a'>OHX</subfield><subfield code='c'>OHX</subfield><subfield code='d'>NNC</subfield></datafield><datafield ind1=' ' ind2='4' tag='050'><subfield code='a'>PT2662.E94</subfield><subfield code='b'>N66 2003</subfield></datafield><datafield ind1=' ' ind2='7' tag='072'><subfield code='a'>PT</subfield><subfield code='2'>lcco</subfield></datafield><datafield ind1='1' ind2=' ' tag='100'><subfield code='a'>Beyer, Marcel,</subfield><subfield code='d'>1965-</subfield><subfield code='0'>http://id.loc.gov/authorities/names/nr92024352</subfield></datafield><datafield ind1='1' ind2='0' tag='245'><subfield code='a'>Nonfiction /</subfield><subfield code='c'>Marcel Beyer.</subfield></datafield><datafield ind1=' ' ind2=' ' tag='260'><subfield code='a'>Köln :</subfield><subfield code='b'>DuMont,</subfield><subfield code='c'>2003.</subfield></datafield><datafield ind1=' ' ind2=' ' tag='300'><subfield code='a'>322 pages ;</subfield><subfield code='c'>22 cm</subfield></datafield><datafield ind1=' ' ind2=' ' tag='336'><subfield code='a'>text</subfield><subfield code='b'>txt</subfield><subfield code='2'>rdacontent</subfield></datafield><datafield ind1=' ' ind2=' ' tag='337'><subfield code='a'>unmediated</subfield><subfield code='b'>n</subfield><subfield code='2'>rdamedia</subfield></datafield><datafield ind1=' ' ind2=' ' tag='500'><subfield code='a'>Collect. of texts partly publ. prev.</subfield></datafield><datafield ind1=' ' ind2=' ' tag='500'><subfield code='a'>Novel.</subfield></datafield><datafield ind1=' ' ind2=' ' tag='901'><subfield code='a'>ad3d7210-3866-4449-ae2d-da6f79fa634c</subfield><subfield code='b'>25</subfield><subfield code='c'>false</subfield></datafield><datafield ind1='0' ind2='0' tag='852'><subfield code='h'>PT2662.E94 N66 2003g</subfield><subfield code='0'>4361631</subfield><subfield code='b'>scsbcul</subfield></datafield><datafield ind1=' ' ind2=' ' tag='876'><subfield code='0'>4361631</subfield><subfield code='a'>6313985</subfield><subfield code='h'> </subfield><subfield code='j'>Available</subfield><subfield code='p'>CU01319507</subfield><subfield code='t'>1</subfield><subfield code='x'>Shared</subfield><subfield code='z'>CU</subfield><subfield code='l'>RECAP</subfield></datafield></record>