
<record><leader>00000cam  2200361Ii 4500</leader><controlfield tag='001'>SCSB-8287487</controlfield><controlfield tag='003'>OCoLC</controlfield><controlfield tag='005'>20140626143233.0</controlfield><controlfield tag='008'>130328s2014    pau           000 p eng dcamIi </controlfield><controlfield tag='009'>.b202152388</controlfield><datafield ind1='1' ind2=' ' tag='100'><subfield code='a'>McCrae, Shane,</subfield><subfield code='d'>1975-</subfield><subfield code='e'>author.</subfield></datafield><datafield ind1=' ' ind2=' ' tag='020'><subfield code='a'>1937854981</subfield></datafield><datafield ind1=' ' ind2=' ' tag='020'><subfield code='a'>9781937854980</subfield></datafield><datafield ind1=' ' ind2=' ' tag='500'><subfield code='a'>Poems.</subfield></datafield><datafield ind1=' ' ind2='1' tag='264'><subfield code='a'>Pittsburgh, PA :</subfield><subfield code='b'>Black Lawrence Press,</subfield><subfield code='c'>2014.</subfield></datafield><datafield ind1=' ' ind2=' ' tag='300'><subfield code='a'>29 pages ;</subfield><subfield code='c'>22 cm</subfield></datafield><datafield ind1=' ' ind2=' ' tag='336'><subfield code='a'>text</subfield><subfield code='2'>rdacontent</subfield></datafield><datafield ind1=' ' ind2=' ' tag='337'><subfield code='a'>unmediated</subfield><subfield code='2'>rdamedia</subfield></datafield><datafield ind1=' ' ind2=' ' tag='338'><subfield code='a'>volume</subfield><subfield code='2'>rdacarrier</subfield></datafield><datafield ind1='1' ind2='0' tag='245'><subfield code='a'>Nonfiction /</subfield><subfield code='c'>Shane Mccrae.</subfield></datafield><datafield ind1=' ' ind2=' ' tag='040'><subfield code='a'>YDXCP</subfield><subfield code='c'>YDXCP</subfield><subfield code='d'>BTCTA</subfield><subfield code='d'>BDX</subfield><subfield code='e'>rda</subfield><subfield code='d'>NYP</subfield></datafield><datafield ind1=' ' ind2=' ' tag='049'><subfield code='a'>NYPP</subfield></datafield><datafield ind1=' ' ind2=' ' tag='901'><subfield code='a'>jmd</subfield><subfield code='b'>CATRL</subfield></datafield><datafield ind1=' ' ind2=' ' tag='901'><subfield code='a'>MARS</subfield></datafield><datafield ind1=' ' ind2=' ' tag='945'><subfield code='a'>.b202152388</subfield></datafield><datafield ind1=' ' ind2=' ' tag='946'><subfield code='a'>m</subfield></datafield><datafield ind1=' ' ind2='1' tag='949'><subfield code='z'>8528</subfield><subfield code='a'>JAX B- 24145</subfield><subfield code='l'>mal82</subfield><subfield code='s'>b</subfield><subfield code='t'>060</subfield><subfield code='h'>33</subfield><subfield code='o'>1</subfield><subfield code='v'>CATRL/jmd</subfield><subfield code='i'>33433112477942</subfield></datafield><datafield ind1=' ' ind2=' ' tag='910'><subfield code='a'>RL</subfield></datafield><datafield ind1='0' ind2='0' tag='907'><subfield code='a'>.b202152388</subfield></datafield><datafield ind1=' ' ind2=' ' tag='035'><subfield code='a'>(OCoLC)833301672</subfield></datafield><datafield ind1='8' ind2=' ' tag='852'><subfield code='h'>JAX B- 24145</subfield><subfield code='0'>8441870</subfield><subfield code='b'>scsbnypl</subfield></datafield><datafield ind1=' ' ind2=' ' tag='876'><subfield code='0'>8441870</subfield><subfield code='a'>13818233</subfield><subfield code='h'>In Library Use</subfield><subfield code='j'>Available</subfield><subfield code='p'>33433112477942</subfield><subfield code='t'>1</subfield><subfield code='x'>Shared</subfield><subfield code='z'>NA</subfield><subfield code='l'>RECAP</subfield></datafield></record>