
<record><leader>04314cam a2200613Ii 4500</leader><controlfield tag='001'>SCSB-14258159</controlfield><controlfield tag='003'>NNC</controlfield><controlfield tag='005'>20240626014804.0</controlfield><controlfield tag='008'>210319t20202020gw ac    b    100 0deng d</controlfield><controlfield tag='009'>15824644</controlfield><datafield ind1=' ' ind2=' ' tag='020'><subfield code='a'>9783927473317</subfield></datafield><datafield ind1=' ' ind2=' ' tag='020'><subfield code='a'>3927473316</subfield></datafield><datafield ind1=' ' ind2=' ' tag='035'><subfield code='a'>(OCoLC)on1242932466</subfield></datafield><datafield ind1=' ' ind2=' ' tag='035'><subfield code='a'>(OCoLC)1242932466</subfield></datafield><datafield ind1=' ' ind2=' ' tag='035'><subfield code='a'>15824644</subfield></datafield><datafield ind1=' ' ind2=' ' tag='040'><subfield code='a'>ERASA</subfield><subfield code='b'>eng</subfield><subfield code='e'>rda</subfield><subfield code='c'>ERASA</subfield><subfield code='d'>OHX</subfield><subfield code='d'>JPG</subfield><subfield code='d'>OCLCO</subfield><subfield code='d'>OCLCF</subfield></datafield><datafield ind1='1' ind2=' ' tag='041'><subfield code='a'>eng</subfield><subfield code='h'>ger</subfield></datafield><datafield ind1=' ' ind2='4' tag='050'><subfield code='a'>NB553.A7</subfield><subfield code='b'>H36 2020</subfield></datafield><datafield ind1='0' ind2='4' tag='082'><subfield code='a'>709.04</subfield></datafield><datafield ind1='0' ind2='0' tag='245'><subfield code='a'>Hans Arp and other masters of 20th century sculpture /</subfield><subfield code='c'>edited by Elisa Tamaschke, Jana Teuscher and Loretta Würtenberger ; translations from the German, Sarah McGavran, Michael Wolfson.</subfield></datafield><datafield ind1=' ' ind2='1' tag='264'><subfield code='a'>Berlin :</subfield><subfield code='b'>Stiftung Hans Arp &amp; Sophie Taeuber-Arp e.V.,</subfield><subfield code='c'>[2020]</subfield></datafield><datafield ind1=' ' ind2='4' tag='264'><subfield code='c'>©2020</subfield></datafield><datafield ind1=' ' ind2=' ' tag='300'><subfield code='a'>165 pages :</subfield><subfield code='b'>illustrations (chiefly color), portraits ;</subfield><subfield code='c'>25 cm.</subfield></datafield><datafield ind1=' ' ind2=' ' tag='336'><subfield code='a'>text</subfield><subfield code='b'>txt</subfield><subfield code='2'>rdacontent</subfield></datafield><datafield ind1=' ' ind2=' ' tag='336'><subfield code='a'>still image</subfield><subfield code='b'>sti</subfield><subfield code='2'>rdacontent</subfield></datafield><datafield ind1=' ' ind2=' ' tag='337'><subfield code='a'>unmediated</subfield><subfield code='b'>n</subfield><subfield code='2'>rdamedia</subfield></datafield><datafield ind1=' ' ind2=' ' tag='338'><subfield code='a'>volume</subfield><subfield code='b'>nc</subfield><subfield code='2'>rdacarrier</subfield></datafield><datafield ind1='1' ind2=' ' tag='490'><subfield code='a'>Stiftung Arp e.V. Papers ;</subfield><subfield code='v'>volume 3</subfield></datafield><datafield ind1=' ' ind2=' ' tag='500'><subfield code='a'>Conference publication.</subfield></datafield><datafield ind1=' ' ind2=' ' tag='500'><subfield code='a'>Translated from the original German.</subfield></datafield><datafield ind1=' ' ind2=' ' tag='504'><subfield code='a'>Includes bibliographical references.</subfield></datafield><datafield ind1='8' ind2=' ' tag='520'><subfield code='a'>Hans Arp (1887-1966) made an important contribution to twentieth-century sculpture with a biomorphic formal language that oriented to nature?s processes of change. Arp seized upon the potential inherent to the art of his predecessors and contemporaries. For example, he was interested in the ways artists like August Rodin and Constantin Brancusi reduced the body to the torso and in the use of negative space, which had already garnered significant attention from the avant-garde in the early twentieth century. In turn, numerous artists drew inspiration from Arp?s oeuvre. For example, when Henry Moore and Barbara Hepworth encountered his work in the early 1930s, its smooth surfaces and flowing contours had an almost immediate impact on their sculpture. Subsequent generations of sculptors also engaged with Arp?s legacy, including the Minimalists, who admired his simplified, anti-mimetic forms.00The reciprocity between Arp and his fellow sculptors is the focal point of conference. Discussion on the topic is meant to anchor Arp?s sculptural work within the international development of sculpture in the twentieth century and thereby recognize the significance of his creative production more qualify.</subfield></datafield><datafield ind1='1' ind2='0' tag='600'><subfield code='a'>Arp, Jean,</subfield><subfield code='d'>1887-1966</subfield><subfield code='x'>Criticism and interpretation</subfield><subfield code='v'>Congresses.</subfield></datafield><datafield ind1=' ' ind2='0' tag='650'><subfield code='a'>Sculpture, Modern</subfield><subfield code='y'>20th century</subfield><subfield code='v'>Congresses.</subfield></datafield><datafield ind1='1' ind2='7' tag='600'><subfield code='a'>Arp, Jean,</subfield><subfield code='d'>1887-1966.</subfield><subfield code='2'>fast</subfield><subfield code='0'>(OCoLC)fst00046046</subfield></datafield><datafield ind1=' ' ind2='7' tag='650'><subfield code='a'>Sculpture, Modern.</subfield><subfield code='2'>fast</subfield><subfield code='0'>(OCoLC)fst01109788</subfield></datafield><datafield ind1=' ' ind2='7' tag='648'><subfield code='a'>1900-1999</subfield><subfield code='2'>fast</subfield></datafield><datafield ind1=' ' ind2='7' tag='655'><subfield code='a'>Conference papers and proceedings.</subfield><subfield code='2'>fast</subfield><subfield code='0'>(OCoLC)fst01423772</subfield></datafield><datafield ind1=' ' ind2='7' tag='655'><subfield code='a'>Criticism, interpretation, etc.</subfield><subfield code='2'>fast</subfield><subfield code='0'>(OCoLC)fst01411635</subfield></datafield><datafield ind1='1' ind2=' ' tag='700'><subfield code='a'>Tamaschke, Elisa,</subfield><subfield code='e'>editor,</subfield><subfield code='e'>contributor.</subfield><subfield code='4'>http://id.loc.gov/vocabulary/relators/edt</subfield><subfield code='4'>http://id.loc.gov/vocabulary/relators/ctb</subfield><subfield code='0'>http://id.loc.gov/authorities/names/no2014095353</subfield></datafield><datafield ind1='1' ind2=' ' tag='700'><subfield code='a'>Teuscher, Jana,</subfield><subfield code='e'>editor,</subfield><subfield code='e'>contributor.</subfield><subfield code='4'>http://id.loc.gov/vocabulary/relators/edt</subfield><subfield code='4'>http://id.loc.gov/vocabulary/relators/ctb</subfield><subfield code='0'>http://id.loc.gov/authorities/names/no2011193321</subfield></datafield><datafield ind1='1' ind2=' ' tag='700'><subfield code='a'>Würtenberger, Loretta,</subfield><subfield code='e'>editor,</subfield><subfield code='e'>contributor.</subfield><subfield code='4'>http://id.loc.gov/vocabulary/relators/edt</subfield><subfield code='4'>http://id.loc.gov/vocabulary/relators/ctb</subfield><subfield code='0'>http://id.loc.gov/authorities/names/nr00033907</subfield></datafield><datafield ind1='1' ind2=' ' tag='700'><subfield code='a'>McGavran, Sarah,</subfield><subfield code='e'>translator.</subfield><subfield code='4'>http://id.loc.gov/vocabulary/relators/trl</subfield><subfield code='0'>http://id.loc.gov/authorities/names/nb2020006435</subfield></datafield><datafield ind1='1' ind2=' ' tag='700'><subfield code='a'>Wolfson, Michael,</subfield><subfield code='e'>translator.</subfield><subfield code='4'>http://id.loc.gov/vocabulary/relators/trl</subfield><subfield code='0'>http://id.loc.gov/authorities/names/nr94027797</subfield></datafield><datafield ind1='1' ind2=' ' tag='700'><subfield code='a'>Arp, Jean,</subfield><subfield code='d'>1887-1966,</subfield><subfield code='e'>sculptor.</subfield><subfield code='4'>http://id.loc.gov/vocabulary/relators/scl</subfield><subfield code='0'>http://id.loc.gov/authorities/names/n79134995</subfield></datafield><datafield ind1=' ' ind2='0' tag='830'><subfield code='a'>Stiftung Arp e.V. papers ;</subfield><subfield code='v'>v. 3.</subfield></datafield><datafield ind1=' ' ind2=' ' tag='901'><subfield code='a'>4f0e90ec-9bcf-4bd0-986a-2621efee7caf</subfield><subfield code='b'>25</subfield><subfield code='c'>false</subfield></datafield><datafield ind1='0' ind2='0' tag='852'><subfield code='h'>NB553.A7 H36 2020g</subfield><subfield code='0'>15209888</subfield><subfield code='b'>scsbcul</subfield></datafield><datafield ind1=' ' ind2=' ' tag='876'><subfield code='0'>15209888</subfield><subfield code='a'>21725952</subfield><subfield code='h'>In Library Use</subfield><subfield code='j'>Available</subfield><subfield code='p'>AR02729512</subfield><subfield code='t'>1</subfield><subfield code='x'>Shared</subfield><subfield code='z'>AR</subfield><subfield code='l'>RECAP</subfield></datafield></record>