
<record><leader>01864cam a2200505Ii 4500</leader><controlfield tag='001'>SCSB-9708897</controlfield><controlfield tag='003'>NNC</controlfield><controlfield tag='005'>20240625175408.0</controlfield><controlfield tag='008'>191109t20182018sz a          000 0 ger d</controlfield><controlfield tag='009'>14385009</controlfield><datafield ind1=' ' ind2=' ' tag='020'><subfield code='a'>9783033067950</subfield><subfield code='q'>(paperback)</subfield></datafield><datafield ind1=' ' ind2=' ' tag='020'><subfield code='a'>3033067956</subfield></datafield><datafield ind1='3' ind2=' ' tag='024'><subfield code='a'>9783033067950</subfield></datafield><datafield ind1=' ' ind2=' ' tag='035'><subfield code='a'>(OCoLC)on1126282774</subfield></datafield><datafield ind1=' ' ind2=' ' tag='035'><subfield code='a'>(OCoLC)1126282774</subfield></datafield><datafield ind1=' ' ind2=' ' tag='035'><subfield code='a'>14385009</subfield></datafield><datafield ind1=' ' ind2=' ' tag='040'><subfield code='a'>OHX</subfield><subfield code='b'>eng</subfield><subfield code='e'>rda</subfield><subfield code='c'>OHX</subfield><subfield code='d'>JPG</subfield><subfield code='d'>OCLCF</subfield><subfield code='d'>NNC</subfield></datafield><datafield ind1='0' ind2=' ' tag='041'><subfield code='a'>ger</subfield><subfield code='a'>ita</subfield></datafield><datafield ind1=' ' ind2=' ' tag='043'><subfield code='a'>e-sz---</subfield></datafield><datafield ind1=' ' ind2=' ' tag='049'><subfield code='a'>ZCUA</subfield></datafield><datafield ind1=' ' ind2='4' tag='050'><subfield code='a'>TR659</subfield><subfield code='b'>.D44 2018</subfield></datafield><datafield ind1=' ' ind2='7' tag='072'><subfield code='a'>TR</subfield><subfield code='2'>lcco</subfield></datafield><datafield ind1='1' ind2=' ' tag='100'><subfield code='a'>Deér, Katalin,</subfield><subfield code='d'>1965-</subfield><subfield code='e'>photographer.</subfield><subfield code='4'>http://id.loc.gov/vocabulary/relators/pht</subfield><subfield code='0'>http://id.loc.gov/authorities/names/nr2003000342</subfield></datafield><datafield ind1='1' ind2='0' tag='240'><subfield code='a'>Photographs.</subfield><subfield code='k'>Selections</subfield></datafield><datafield ind1='1' ind2='0' tag='245'><subfield code='a'>Verde /</subfield><subfield code='c'>Katalin Deér.</subfield></datafield><datafield ind1='3' ind2=' ' tag='246'><subfield code='a'>Katalin Deér :</subfield><subfield code='b'>verde</subfield></datafield><datafield ind1=' ' ind2='1' tag='264'><subfield code='a'>St. Gallen :</subfield><subfield code='b'>Jungle Books,</subfield><subfield code='c'>[2018]</subfield></datafield><datafield ind1=' ' ind2='4' tag='264'><subfield code='c'>©2018</subfield></datafield><datafield ind1=' ' ind2=' ' tag='300'><subfield code='a'>1 volume (unpaged) :</subfield><subfield code='b'>illustrations (chiefly color) ;</subfield><subfield code='c'>31 cm</subfield></datafield><datafield ind1=' ' ind2=' ' tag='336'><subfield code='a'>text</subfield><subfield code='b'>txt</subfield><subfield code='2'>rdacontent</subfield></datafield><datafield ind1=' ' ind2=' ' tag='336'><subfield code='a'>still image</subfield><subfield code='b'>sti</subfield><subfield code='2'>rdacontent</subfield></datafield><datafield ind1=' ' ind2=' ' tag='337'><subfield code='a'>unmediated</subfield><subfield code='b'>n</subfield><subfield code='2'>rdamedia</subfield></datafield><datafield ind1=' ' ind2=' ' tag='338'><subfield code='a'>volume</subfield><subfield code='b'>nc</subfield><subfield code='2'>rdacarrier</subfield></datafield><datafield ind1=' ' ind2=' ' tag='500'><subfield code='a'>Title from spine.</subfield></datafield><datafield ind1=' ' ind2=' ' tag='500'><subfield code='a'>Chiefly illustrated.</subfield></datafield><datafield ind1=' ' ind2=' ' tag='546'><subfield code='a'>Parallel texts in German and Italian.</subfield></datafield><datafield ind1='1' ind2='0' tag='600'><subfield code='a'>Deér, Katalin,</subfield><subfield code='d'>1965-</subfield><subfield code='0'>http://id.loc.gov/authorities/names/nr2003000342</subfield></datafield><datafield ind1=' ' ind2='0' tag='650'><subfield code='a'>Architectural photography</subfield><subfield code='z'>Switzerland</subfield><subfield code='z'>Bregaglia Valley.</subfield></datafield><datafield ind1=' ' ind2='0' tag='651'><subfield code='a'>Bregaglia Valley (Switzerland)</subfield><subfield code='v'>Pictorial works.</subfield></datafield><datafield ind1=' ' ind2='7' tag='650'><subfield code='a'>Architectural photography.</subfield><subfield code='2'>fast</subfield><subfield code='0'>(OCoLC)fst00813301</subfield></datafield><datafield ind1=' ' ind2='7' tag='651'><subfield code='a'>Switzerland</subfield><subfield code='z'>Bregaglia Valley.</subfield><subfield code='2'>fast</subfield><subfield code='0'>(OCoLC)fst01243366</subfield></datafield><datafield ind1=' ' ind2='7' tag='655'><subfield code='a'>Pictorial works.</subfield><subfield code='2'>fast</subfield><subfield code='0'>(OCoLC)fst01423874</subfield></datafield><datafield ind1='1' ind2='2' tag='700'><subfield code='a'>Deér, Katalin,</subfield><subfield code='d'>1965-</subfield><subfield code='t'>Verde.</subfield></datafield><datafield ind1='1' ind2='2' tag='700'><subfield code='a'>Deér, Katalin,</subfield><subfield code='d'>1965-</subfield><subfield code='t'>Verde.</subfield><subfield code='l'>Italian.</subfield></datafield><datafield ind1=' ' ind2=' ' tag='901'><subfield code='a'>0ad4c8d2-3957-498b-8e11-8fd14fe0087e</subfield><subfield code='b'>25</subfield><subfield code='c'>false</subfield></datafield><datafield ind1='0' ind2='0' tag='852'><subfield code='h'>TR659 .D44 2018g</subfield><subfield code='0'>10337699</subfield><subfield code='b'>scsbcul</subfield></datafield><datafield ind1=' ' ind2=' ' tag='876'><subfield code='0'>10337699</subfield><subfield code='a'>16059967</subfield><subfield code='h'>In Library Use</subfield><subfield code='j'>Available</subfield><subfield code='p'>AR02493977</subfield><subfield code='t'>1</subfield><subfield code='x'>Shared</subfield><subfield code='z'>AR</subfield><subfield code='l'>RECAP</subfield></datafield></record>