
<record><leader>00000cam a2200529Ii 4500</leader><controlfield tag='001'>SCSB-9804769</controlfield><controlfield tag='003'>OCoLC</controlfield><controlfield tag='005'>20200307002350.7</controlfield><controlfield tag='008'>191102t20182018sz a          000 0 ger dcamIi </controlfield><controlfield tag='009'>.b220650032</controlfield><datafield ind1='1' ind2=' ' tag='100'><subfield code='a'>Deér, Katalin,</subfield><subfield code='d'>1965-</subfield><subfield code='e'>photographer.</subfield></datafield><datafield ind1='1' ind2='2' tag='700'><subfield code='a'>Deér, Katalin,</subfield><subfield code='d'>1965-</subfield><subfield code='t'>Verde.</subfield></datafield><datafield ind1='1' ind2='2' tag='700'><subfield code='a'>Deér, Katalin,</subfield><subfield code='d'>1965-</subfield><subfield code='t'>Verde.</subfield><subfield code='l'>Italian.</subfield></datafield><datafield ind1='1' ind2='0' tag='600'><subfield code='a'>Deér, Katalin,</subfield><subfield code='d'>1965-</subfield></datafield><datafield ind1=' ' ind2='0' tag='650'><subfield code='a'>Architectural photography</subfield><subfield code='z'>Switzerland</subfield><subfield code='z'>Bregaglia Valley.</subfield></datafield><datafield ind1=' ' ind2='0' tag='651'><subfield code='a'>Bregaglia Valley (Switzerland)</subfield><subfield code='v'>Pictorial works.</subfield></datafield><datafield ind1=' ' ind2='7' tag='650'><subfield code='a'>Architectural photography.</subfield><subfield code='2'>fast</subfield><subfield code='0'>(OCoLC)fst00813301</subfield></datafield><datafield ind1=' ' ind2='7' tag='651'><subfield code='a'>Switzerland</subfield><subfield code='z'>Bregaglia Valley.</subfield><subfield code='2'>fast</subfield><subfield code='0'>(OCoLC)fst01243366</subfield></datafield><datafield ind1=' ' ind2='7' tag='655'><subfield code='a'>Pictorial works.</subfield><subfield code='2'>fast</subfield><subfield code='0'>(OCoLC)fst01423874</subfield></datafield><datafield ind1=' ' ind2=' ' tag='020'><subfield code='a'>9783033067950</subfield><subfield code='q'>(paperback)</subfield></datafield><datafield ind1=' ' ind2=' ' tag='020'><subfield code='a'>3033067956</subfield></datafield><datafield ind1='3' ind2=' ' tag='024'><subfield code='a'>9783033067950</subfield></datafield><datafield ind1=' ' ind2=' ' tag='500'><subfield code='a'>Title from spine.</subfield></datafield><datafield ind1=' ' ind2=' ' tag='500'><subfield code='a'>Chiefly illustrated.</subfield></datafield><datafield ind1=' ' ind2=' ' tag='546'><subfield code='a'>Parallel texts in German and Italian.</subfield></datafield><datafield ind1=' ' ind2='1' tag='264'><subfield code='a'>St. Gallen :</subfield><subfield code='b'>Jungle Books,</subfield><subfield code='c'>[2018]</subfield></datafield><datafield ind1=' ' ind2='4' tag='264'><subfield code='c'>©2018</subfield></datafield><datafield ind1=' ' ind2=' ' tag='300'><subfield code='a'>1 volume (unpaged) :</subfield><subfield code='b'>illustrations (chiefly color) ;</subfield><subfield code='c'>31 cm</subfield></datafield><datafield ind1=' ' ind2=' ' tag='336'><subfield code='a'>text</subfield><subfield code='b'>txt</subfield><subfield code='2'>rdacontent</subfield></datafield><datafield ind1=' ' ind2=' ' tag='336'><subfield code='a'>still image</subfield><subfield code='b'>sti</subfield><subfield code='2'>rdacontent</subfield></datafield><datafield ind1=' ' ind2=' ' tag='337'><subfield code='a'>unmediated</subfield><subfield code='b'>n</subfield><subfield code='2'>rdamedia</subfield></datafield><datafield ind1=' ' ind2=' ' tag='338'><subfield code='a'>volume</subfield><subfield code='b'>nc</subfield><subfield code='2'>rdacarrier</subfield></datafield><datafield ind1='1' ind2='0' tag='240'><subfield code='a'>Photographs.</subfield><subfield code='k'>Selections</subfield></datafield><datafield ind1='1' ind2='0' tag='245'><subfield code='a'>Verde /</subfield><subfield code='c'>Katalin Deér.</subfield></datafield><datafield ind1=' ' ind2=' ' tag='040'><subfield code='a'>OHX</subfield><subfield code='b'>eng</subfield><subfield code='e'>rda</subfield><subfield code='c'>OHX</subfield><subfield code='d'>JPG</subfield><subfield code='d'>OCLCF</subfield></datafield><datafield ind1='0' ind2=' ' tag='041'><subfield code='a'>ger</subfield><subfield code='a'>ita</subfield></datafield><datafield ind1=' ' ind2=' ' tag='043'><subfield code='a'>e-sz---</subfield></datafield><datafield ind1=' ' ind2=' ' tag='049'><subfield code='a'>NYPP</subfield></datafield><datafield ind1=' ' ind2='4' tag='050'><subfield code='a'>TR659</subfield><subfield code='b'>.D44 2018</subfield></datafield><datafield ind1=' ' ind2='7' tag='072'><subfield code='a'>TR</subfield><subfield code='2'>lcco</subfield></datafield><datafield ind1=' ' ind2=' ' tag='901'><subfield code='a'>MARS</subfield></datafield><datafield ind1=' ' ind2='4' tag='908'><subfield code='a'>TR659</subfield><subfield code='b'>.D44 2018</subfield></datafield><datafield ind1=' ' ind2=' ' tag='901'><subfield code='a'>W2Sbot</subfield><subfield code='b'>CATRL</subfield></datafield><datafield ind1=' ' ind2=' ' tag='945'><subfield code='a'>.b22065003a</subfield></datafield><datafield ind1=' ' ind2=' ' tag='981'><subfield code='d'>har190100176</subfield></datafield><datafield ind1=' ' ind2=' ' tag='910'><subfield code='a'>RL</subfield></datafield><datafield ind1='0' ind2='0' tag='907'><subfield code='a'>.b220650032</subfield></datafield><datafield ind1=' ' ind2=' ' tag='035'><subfield code='a'>(OCoLC)1126282774</subfield></datafield><datafield ind1=' ' ind2=' ' tag='901'><subfield code='a'>0ad4c8d2-3957-498b-8e11-8fd14fe0087e</subfield><subfield code='b'>25</subfield><subfield code='c'>false</subfield></datafield><datafield ind1='8' ind2=' ' tag='852'><subfield code='h'>ReCAP 20-102452</subfield><subfield code='0'>10487209</subfield><subfield code='b'>scsbnypl</subfield></datafield><datafield ind1=' ' ind2=' ' tag='876'><subfield code='0'>10487209</subfield><subfield code='a'>16206921</subfield><subfield code='h'>In Library Use</subfield><subfield code='j'>Available</subfield><subfield code='p'>33433130902103</subfield><subfield code='t'>1</subfield><subfield code='x'>Open</subfield><subfield code='z'>NA</subfield><subfield code='l'>RECAP</subfield></datafield></record>