
<record><leader>01156cam a2200373 i 4500</leader><controlfield tag='001'>SCSB-8393664</controlfield><controlfield tag='003'>OCoLC</controlfield><controlfield tag='005'>20170622093655.0</controlfield><controlfield tag='008'>170131t20162016uy a          000 f spa c</controlfield><controlfield tag='009'>.b211482432</controlfield><datafield ind1=' ' ind2=' ' tag='020'><subfield code='a'>9789974498426</subfield></datafield><datafield ind1=' ' ind2=' ' tag='020'><subfield code='a'>9974498422</subfield></datafield><datafield ind1=' ' ind2=' ' tag='040'><subfield code='a'>TJC</subfield><subfield code='b'>eng</subfield><subfield code='e'>rda</subfield><subfield code='c'>TJC</subfield><subfield code='d'>IXA</subfield><subfield code='d'>PIT</subfield><subfield code='d'>YUS</subfield><subfield code='d'>OCLCO</subfield><subfield code='d'>NYP</subfield></datafield><datafield ind1=' ' ind2=' ' tag='042'><subfield code='a'>pcc</subfield></datafield><datafield ind1=' ' ind2=' ' tag='049'><subfield code='a'>NYPP</subfield></datafield><datafield ind1=' ' ind2='4' tag='050'><subfield code='a'>PQ8520.429.A52</subfield><subfield code='b'>V47 2016</subfield></datafield><datafield ind1='1' ind2=' ' tag='100'><subfield code='a'>Sanchiz, Ramiro,</subfield><subfield code='d'>1978-</subfield><subfield code='e'>author.</subfield></datafield><datafield ind1='1' ind2='0' tag='245'><subfield code='a'>Verde /</subfield><subfield code='c'>Ramiro Sanchiz.</subfield></datafield><datafield ind1=' ' ind2=' ' tag='250'><subfield code='a'>1a. ed.</subfield></datafield><datafield ind1=' ' ind2='1' tag='264'><subfield code='a'>[Montevideo] :</subfield><subfield code='b'>Fin de Siglo Editorial,</subfield><subfield code='c'>2016.</subfield></datafield><datafield ind1=' ' ind2='4' tag='264'><subfield code='c'>©2016</subfield></datafield><datafield ind1=' ' ind2=' ' tag='300'><subfield code='a'>162 pages :</subfield><subfield code='b'>illustrations ;</subfield><subfield code='c'>21 cm</subfield></datafield><datafield ind1=' ' ind2=' ' tag='336'><subfield code='a'>text</subfield><subfield code='b'>txt</subfield><subfield code='2'>rdacontent</subfield></datafield><datafield ind1=' ' ind2=' ' tag='337'><subfield code='a'>unmediated</subfield><subfield code='b'>n</subfield><subfield code='2'>rdamedia</subfield></datafield><datafield ind1=' ' ind2=' ' tag='338'><subfield code='a'>volume</subfield><subfield code='b'>nc</subfield><subfield code='2'>rdacarrier</subfield></datafield><datafield ind1='1' ind2=' ' tag='490'><subfield code='a'>Colección ñ</subfield></datafield><datafield ind1=' ' ind2=' ' tag='500'><subfield code='a'>A novel.</subfield></datafield><datafield ind1=' ' ind2='7' tag='655'><subfield code='a'>Horror fiction.</subfield><subfield code='2'>lcgft</subfield></datafield><datafield ind1=' ' ind2='7' tag='655'><subfield code='a'>Novels.</subfield><subfield code='2'>lcgft</subfield></datafield><datafield ind1=' ' ind2='0' tag='830'><subfield code='a'>Colección ñ (Editorial Fin de Siglo : Unnumbered)</subfield></datafield><datafield ind1=' ' ind2=' ' tag='907'><subfield code='a'>.b211482432</subfield><subfield code='c'>m</subfield><subfield code='d'>a</subfield><subfield code='e'>-</subfield><subfield code='f'>spa</subfield><subfield code='g'>uy</subfield><subfield code='h'>0</subfield><subfield code='i'>1</subfield></datafield><datafield ind1=' ' ind2=' ' tag='035'><subfield code='a'>(OCoLC)970818415</subfield></datafield><datafield ind1='8' ind2=' ' tag='852'><subfield code='h'>ReCAP 17-11714</subfield><subfield code='0'>8548873</subfield><subfield code='b'>scsbnypl</subfield></datafield><datafield ind1=' ' ind2=' ' tag='876'><subfield code='0'>8548873</subfield><subfield code='a'>13937448</subfield><subfield code='j'>Available</subfield><subfield code='p'>33433121394344</subfield><subfield code='t'>1</subfield><subfield code='x'>Shared</subfield><subfield code='z'>NA</subfield><subfield code='l'>RECAP</subfield></datafield></record>