
<record><leader>01446cam a2200349 i 4500</leader><controlfield tag='001'>SCSB-8908295</controlfield><controlfield tag='003'>NNC</controlfield><controlfield tag='005'>20230126104928.0</controlfield><controlfield tag='008'>170717s2017    ck a     b    001 0 spa d</controlfield><controlfield tag='009'>12828992</controlfield><datafield ind1=' ' ind2=' ' tag='020'><subfield code='a'>9789587810523</subfield></datafield><datafield ind1=' ' ind2=' ' tag='020'><subfield code='a'>958781052X</subfield></datafield><datafield ind1=' ' ind2=' ' tag='035'><subfield code='a'>(OCoLC)ocn993978496</subfield></datafield><datafield ind1=' ' ind2=' ' tag='035'><subfield code='a'>(OCoLC)993978496</subfield></datafield><datafield ind1=' ' ind2=' ' tag='035'><subfield code='a'>(NNC)12828992</subfield></datafield><datafield ind1=' ' ind2=' ' tag='035'><subfield code='a'>12828992</subfield></datafield><datafield ind1=' ' ind2=' ' tag='040'><subfield code='a'>H7K</subfield><subfield code='b'>eng</subfield><subfield code='e'>rda</subfield><subfield code='c'>H7K</subfield><subfield code='d'>NNC</subfield></datafield><datafield ind1=' ' ind2=' ' tag='043'><subfield code='a'>s-ck---</subfield></datafield><datafield ind1=' ' ind2='4' tag='050'><subfield code='a'>N6675.6</subfield><subfield code='b'>V47 2017</subfield></datafield><datafield ind1='0' ind2='0' tag='245'><subfield code='a'>Verde :</subfield><subfield code='b'>el color de la catástrofe /</subfield><subfield code='c'>Claudia Salamanca, editora.</subfield></datafield><datafield ind1=' ' ind2='1' tag='264'><subfield code='a'>Bogotá :</subfield><subfield code='b'>Editorial Pontificia Universidad Javeriana,</subfield><subfield code='c'>[2017]</subfield></datafield><datafield ind1=' ' ind2=' ' tag='300'><subfield code='a'>132 pages :</subfield><subfield code='b'>illustrations ;</subfield><subfield code='c'>24 cm</subfield></datafield><datafield ind1=' ' ind2=' ' tag='336'><subfield code='a'>text</subfield><subfield code='b'>txt</subfield><subfield code='2'>rdacontent</subfield></datafield><datafield ind1=' ' ind2=' ' tag='337'><subfield code='a'>unmediated</subfield><subfield code='b'>n</subfield><subfield code='2'>rdamedia</subfield></datafield><datafield ind1=' ' ind2=' ' tag='338'><subfield code='a'>volume</subfield><subfield code='b'>nc</subfield><subfield code='2'>rdacarrier</subfield></datafield><datafield ind1=' ' ind2=' ' tag='504'><subfield code='a'>Includes bibliographical references and index.</subfield></datafield><datafield ind1='8' ind2=' ' tag='505'><subfield code='a'>Introducción / Claudia Salamanca -- La dificultad de discernir / Nathali Buenaventura Granados -- La luz de sus pupilas / Mateo Molano -- La innombrable / Carolina Luján -- Primera piedra / Gabriela de Castro -- Nada / Andrés Gaitán T.</subfield></datafield><datafield ind1=' ' ind2=' ' tag='546'><subfield code='a'>In Spanish.</subfield></datafield><datafield ind1=' ' ind2='0' tag='650'><subfield code='a'>Artists</subfield><subfield code='z'>Colombia</subfield><subfield code='y'>21st century.</subfield></datafield><datafield ind1=' ' ind2='0' tag='650'><subfield code='a'>Disasters in art.</subfield><subfield code='0'>http://id.loc.gov/authorities/subjects/sh97000057</subfield></datafield><datafield ind1='1' ind2=' ' tag='700'><subfield code='a'>Salamanca, Claudia,</subfield><subfield code='e'>editor.</subfield><subfield code='4'>http://id.loc.gov/vocabulary/relators/edt</subfield><subfield code='0'>http://id.loc.gov/authorities/names/no2017092627</subfield></datafield><datafield ind1=' ' ind2=' ' tag='901'><subfield code='a'>4c8bbf04-2aca-4d51-bc22-fe20a7cb36b3</subfield><subfield code='b'>25</subfield><subfield code='c'>true</subfield></datafield><datafield ind1='0' ind2='0' tag='852'><subfield code='h'>N6675.6 .V47 2017g</subfield><subfield code='0'>9102600</subfield><subfield code='b'>scsbcul</subfield></datafield><datafield ind1=' ' ind2=' ' tag='876'><subfield code='0'>9102600</subfield><subfield code='a'>14706933</subfield><subfield code='h'>In Library Use</subfield><subfield code='j'>Available</subfield><subfield code='p'>AR01622900</subfield><subfield code='t'>1</subfield><subfield code='x'>Shared</subfield><subfield code='z'>AR</subfield><subfield code='l'>RECAP</subfield></datafield></record>