
<record><leader>00000nam a2200313M  4500</leader><controlfield tag='001'>SCSB-10246547</controlfield><controlfield tag='005'>20170907165941.0</controlfield><controlfield tag='008'>170717s        ck            000 0 eng d</controlfield><controlfield tag='009'>990150873690203941</controlfield><datafield ind1=' ' ind2=' ' tag='020'><subfield code='a'>9789587810523</subfield></datafield><datafield ind1=' ' ind2=' ' tag='020'><subfield code='a'>958781052X</subfield></datafield><datafield ind1=' ' ind2=' ' tag='035'><subfield code='a'>(OCoLC)1050146645</subfield></datafield><datafield ind1=' ' ind2=' ' tag='040'><subfield code='a'>H7K</subfield><subfield code='b'>eng</subfield><subfield code='e'>rda</subfield><subfield code='c'>H7K</subfield></datafield><datafield ind1=' ' ind2='4' tag='050'><subfield code='a'>N6675.6</subfield><subfield code='b'>V47 2017</subfield></datafield><datafield ind1='0' ind2='0' tag='245'><subfield code='a'>Verde :</subfield><subfield code='b'>el color de la catástrofe /</subfield><subfield code='c'>Claudia Salamanca, editora.</subfield></datafield><datafield ind1=' ' ind2='1' tag='264'><subfield code='a'>Bogotá :</subfield><subfield code='b'>Editorial Pontificia Universidad Javeriana,</subfield><subfield code='c'>[2017]</subfield></datafield><datafield ind1=' ' ind2=' ' tag='300'><subfield code='a'>132 pages :</subfield><subfield code='b'>illustrations ;</subfield><subfield code='c'>24 cm.</subfield></datafield><datafield ind1=' ' ind2=' ' tag='336'><subfield code='a'>text</subfield><subfield code='b'>txt</subfield><subfield code='2'>rdacontent</subfield></datafield><datafield ind1=' ' ind2=' ' tag='337'><subfield code='a'>unmediated</subfield><subfield code='b'>n</subfield><subfield code='2'>rdamedia</subfield></datafield><datafield ind1=' ' ind2=' ' tag='338'><subfield code='a'>volume</subfield><subfield code='b'>nc</subfield><subfield code='2'>rdacarrier</subfield></datafield><datafield ind1=' ' ind2=' ' tag='504'><subfield code='a'>Includes bibliographical references and index.</subfield></datafield><datafield ind1='8' ind2=' ' tag='505'><subfield code='a'>Introducción / Claudia Salamanca -- La dificultad de discernir / Nathali Buenaventura Granados -- La luz de sus pupilas / Mateo Molano -- La innombrable / Carolina Luján -- Primera piedra / Gabriela de Castro -- Nada / Andrés Gaitán T.</subfield></datafield><datafield ind1=' ' ind2=' ' tag='546'><subfield code='a'>In Spanish.</subfield></datafield><datafield ind1=' ' ind2=' ' tag='520'><subfield code='a'>Artist-photobook on the image of catastrophe. The images and texts that Claudia Salamanca brings together in this book present the time in which we live: the past of the catastrophe that seems to manifest every moment, since our present is captured by fear. Each moment is presented as the penultimate before the big event: terrorist attack, robbery, plane crash, bomb, thief, etc. Fear has captured time and also catastrophe in an image that anticipates horror. The image of the horror in our time is not that which documents the ruin, but the one that indicates that the catastrophe is to come. We live in a time when this past catastrophe seems to be manifesting at every moment. Our present is captured by fear. Each moment is presented as the penultimate before the big event: terrorist attack, robbery, plane crash, bomb, thief, etc. Fear has capped time and also catastrophe. The catastrophe is captured in an image that anticipates the horror. The image of the horror in our time is not that which documents the ruin, but the one that indicates that the catastrophe is to come. This seems impossible. It is not the remnant image or residual image that persists after the stimulus has ceased in the eye. On the contrary, it is an image that anticipates the look and with it at the time of the catastrophe.</subfield></datafield><datafield ind1=' ' ind2='0' tag='650'><subfield code='a'>Artists, Colombian</subfield><subfield code='y'>21st century.</subfield></datafield><datafield ind1=' ' ind2='0' tag='650'><subfield code='a'>Disasters in art.</subfield></datafield><datafield ind1=' ' ind2='7' tag='648'><subfield code='a'>2000-2099</subfield><subfield code='2'>fast</subfield></datafield><datafield ind1='1' ind2=' ' tag='700'><subfield code='a'>Salamanca, Claudia</subfield><subfield code='e'>editor.</subfield></datafield><datafield ind1=' ' ind2=' ' tag='901'><subfield code='a'>4c8bbf04-2aca-4d51-bc22-fe20a7cb36b3</subfield><subfield code='b'>17</subfield><subfield code='c'>true</subfield></datafield><datafield ind1='8' ind2=' ' tag='852'><subfield code='c'>HD</subfield><subfield code='0'>11009310</subfield><subfield code='b'>scsbhl</subfield></datafield><datafield ind1=' ' ind2=' ' tag='876'><subfield code='0'>11009310</subfield><subfield code='a'>16723750</subfield><subfield code='h'> </subfield><subfield code='j'>Available</subfield><subfield code='k'>FAL</subfield><subfield code='p'>32044143079226</subfield><subfield code='x'>Open</subfield><subfield code='z'>FL</subfield><subfield code='l'>HD</subfield></datafield></record>