
<record><leader>01338cam a2200373 a 4500</leader><controlfield tag='001'>SCSB-5690403</controlfield><controlfield tag='003'>NNC</controlfield><controlfield tag='005'>20230118235109.0</controlfield><controlfield tag='008'>130510s2013    it a     b    001 0 ita d</controlfield><controlfield tag='009'>10299990</controlfield><datafield ind1=' ' ind2=' ' tag='020'><subfield code='a'>9788831715706</subfield><subfield code='z'>978883171570 :</subfield><subfield code='c'>16.50 EUR</subfield></datafield><datafield ind1=' ' ind2=' ' tag='035'><subfield code='a'>(OCoLC)842837513</subfield></datafield><datafield ind1=' ' ind2=' ' tag='035'><subfield code='a'>(OCoLC)ocn842837513</subfield></datafield><datafield ind1=' ' ind2=' ' tag='035'><subfield code='a'>(ItFiC)it 13690213</subfield></datafield><datafield ind1=' ' ind2=' ' tag='035'><subfield code='a'>(NNC)10299990</subfield></datafield><datafield ind1=' ' ind2=' ' tag='035'><subfield code='a'>10299990</subfield></datafield><datafield ind1=' ' ind2=' ' tag='040'><subfield code='a'>ItFiC</subfield><subfield code='c'>ItFiC</subfield></datafield><datafield ind1='0' ind2='0' tag='050'><subfield code='a'>QC495</subfield><subfield code='b'>.B78 2013</subfield></datafield><datafield ind1='1' ind2=' ' tag='100'><subfield code='a'>Brusatin, Manlio,</subfield><subfield code='d'>1943-</subfield><subfield code='0'>http://id.loc.gov/authorities/names/n80067368</subfield></datafield><datafield ind1='1' ind2='0' tag='245'><subfield code='a'>Verde :</subfield><subfield code='b'>storie di un colore /</subfield><subfield code='c'>Manlio Brusatin.</subfield></datafield><datafield ind1=' ' ind2=' ' tag='250'><subfield code='a'>1. ed.</subfield></datafield><datafield ind1=' ' ind2=' ' tag='260'><subfield code='a'>Venezia :</subfield><subfield code='b'>Marsilio,</subfield><subfield code='c'>2013.</subfield></datafield><datafield ind1=' ' ind2=' ' tag='300'><subfield code='a'>124 pages :</subfield><subfield code='b'>illustrations (chiefly color) ;</subfield><subfield code='c'>22 cm.</subfield></datafield><datafield ind1=' ' ind2=' ' tag='336'><subfield code='a'>text</subfield><subfield code='b'>txt</subfield><subfield code='2'>rdacontent</subfield></datafield><datafield ind1=' ' ind2=' ' tag='337'><subfield code='a'>unmediated</subfield><subfield code='b'>n</subfield><subfield code='2'>rdamedia</subfield></datafield><datafield ind1='1' ind2=' ' tag='490'><subfield code='a'>Biblioteca</subfield></datafield><datafield ind1=' ' ind2=' ' tag='504'><subfield code='a'>Includes bibliographical references (p. 109-117) and index.</subfield></datafield><datafield ind1=' ' ind2='0' tag='650'><subfield code='a'>Green.</subfield><subfield code='0'>http://id.loc.gov/authorities/subjects/sh85057206</subfield></datafield><datafield ind1=' ' ind2='0' tag='830'><subfield code='a'>Biblioteca.</subfield></datafield><datafield ind1=' ' ind2=' ' tag='901'><subfield code='a'>bcc87c37-64ff-455c-ba6b-9fc9529853b5</subfield><subfield code='b'>25</subfield><subfield code='c'>false</subfield></datafield><datafield ind1='0' ind2='0' tag='852'><subfield code='h'>QC495 .B78 2013</subfield><subfield code='0'>5680067</subfield><subfield code='b'>scsbcul</subfield></datafield><datafield ind1=' ' ind2=' ' tag='876'><subfield code='0'>5680067</subfield><subfield code='a'>8377325</subfield><subfield code='h'>In Library Use</subfield><subfield code='j'>Available</subfield><subfield code='p'>AR01459619</subfield><subfield code='t'>1</subfield><subfield code='x'>Shared</subfield><subfield code='z'>AR</subfield><subfield code='l'>RECAP</subfield></datafield></record>