
<record><leader>00982nam a2200289 a 4500</leader><controlfield tag='001'>SCSB-6741859</controlfield><controlfield tag='003'>ItFiC</controlfield><controlfield tag='005'>20130514165014.0</controlfield><controlfield tag='008'>130510s2013    it a     b    001 0 ita d</controlfield><controlfield tag='009'>.b198282126</controlfield><datafield ind1=' ' ind2=' ' tag='020'><subfield code='a'>9788831715706</subfield><subfield code='z'>978883171570 :</subfield><subfield code='c'>16.50 EUR</subfield></datafield><datafield ind1=' ' ind2=' ' tag='039'><subfield code='f'>Casalini</subfield></datafield><datafield ind1=' ' ind2=' ' tag='040'><subfield code='a'>ItFiC</subfield><subfield code='c'>ItFiC</subfield></datafield><datafield ind1='0' ind2='0' tag='050'><subfield code='a'>QC495</subfield><subfield code='b'>.B78 2013</subfield></datafield><datafield ind1='1' ind2=' ' tag='100'><subfield code='a'>Brusatin, Manlio,</subfield><subfield code='d'>1943-</subfield></datafield><datafield ind1='1' ind2='0' tag='245'><subfield code='a'>Verde :</subfield><subfield code='b'>storie di un colore /</subfield><subfield code='c'>Manlio Brusatin.</subfield></datafield><datafield ind1=' ' ind2=' ' tag='250'><subfield code='a'>1. ed.</subfield></datafield><datafield ind1=' ' ind2=' ' tag='260'><subfield code='a'>Venezia :</subfield><subfield code='b'>Marsilio,</subfield><subfield code='c'>2013.</subfield></datafield><datafield ind1=' ' ind2=' ' tag='300'><subfield code='a'>124 p., [16] p. of plates:</subfield><subfield code='b'>ill. (chiefly col.) ;</subfield><subfield code='c'>22 cm.</subfield></datafield><datafield ind1='0' ind2=' ' tag='490'><subfield code='a'>Biblioteca</subfield></datafield><datafield ind1=' ' ind2=' ' tag='504'><subfield code='a'>Includes bibliographical references (p. 109-117) and index.</subfield></datafield><datafield ind1=' ' ind2='0' tag='650'><subfield code='a'>Green.</subfield></datafield><datafield ind1=' ' ind2=' ' tag='907'><subfield code='a'>.b198282126</subfield><subfield code='c'>m</subfield><subfield code='d'>a</subfield><subfield code='e'>-</subfield><subfield code='f'>ita</subfield><subfield code='g'>it</subfield><subfield code='h'>0</subfield><subfield code='i'>0</subfield></datafield><datafield ind1=' ' ind2=' ' tag='035'><subfield code='a'>(OCoLC)0842837513</subfield></datafield><datafield ind1=' ' ind2=' ' tag='901'><subfield code='a'>bcc87c37-64ff-455c-ba6b-9fc9529853b5</subfield><subfield code='b'>25</subfield><subfield code='c'>false</subfield></datafield><datafield ind1='8' ind2=' ' tag='852'><subfield code='h'>ReCAP 13-23032</subfield><subfield code='0'>6823955</subfield><subfield code='b'>scsbnypl</subfield></datafield><datafield ind1=' ' ind2=' ' tag='876'><subfield code='0'>6823955</subfield><subfield code='a'>10983876</subfield><subfield code='h'>In Library Use</subfield><subfield code='j'>Available</subfield><subfield code='p'>33433108482971</subfield><subfield code='t'>1</subfield><subfield code='x'>Open</subfield><subfield code='z'>NA</subfield><subfield code='l'>RECAP</subfield></datafield></record>