
<record><leader>01549nam a2200325I  4500</leader><controlfield tag='001'>SCSB-7765530</controlfield><controlfield tag='003'>OCoLC</controlfield><controlfield tag='005'>20000629190931.0</controlfield><controlfield tag='008'>781005s1937    ag c          000 0 spa  </controlfield><controlfield tag='009'>.b133451641</controlfield><datafield ind1=' ' ind2=' ' tag='010'><subfield code='a'>37024840</subfield></datafield><datafield ind1=' ' ind2=' ' tag='040'><subfield code='a'>DLC</subfield><subfield code='c'>LDL</subfield><subfield code='d'>NYP</subfield><subfield code='d'>WaOLN</subfield></datafield><datafield ind1=' ' ind2=' ' tag='049'><subfield code='a'>NYPG</subfield></datafield><datafield ind1='0' ind2='0' tag='050'><subfield code='a'>HX184</subfield><subfield code='b'>.D52</subfield></datafield><datafield ind1=' ' ind2=' ' tag='051'><subfield code='c'>Copy 2.</subfield></datafield><datafield ind1='0' ind2='0' tag='082'><subfield code='a'>335.04</subfield></datafield><datafield ind1='1' ind2=' ' tag='100'><subfield code='a'>Dickmann, Enrique,</subfield><subfield code='d'>1874-</subfield></datafield><datafield ind1='1' ind2='0' tag='245'><subfield code='a'>Pensamiento y acción.</subfield></datafield><datafield ind1=' ' ind2=' ' tag='260'><subfield code='a'>Buenos Aires,</subfield><subfield code='a'>Montevideo</subfield><subfield code='c'>[1937]</subfield></datafield><datafield ind1=' ' ind2=' ' tag='300'><subfield code='a'>xxiii, 200 p., 2 l.</subfield><subfield code='b'>front (port.)</subfield><subfield code='c'>21 cm.</subfield></datafield><datafield ind1='0' ind2=' ' tag='490'><subfield code='a'>Ediciones de la Sociedad Amigos del Libro Rioplatense, vol. XXXVIII</subfield></datafield><datafield ind1=' ' ind2=' ' tag='500'><subfield code='a'>&quot;Printed in Uruguay.&quot;</subfield></datafield><datafield ind1=' ' ind2=' ' tag='500'><subfield code='a'>&quot;Prólogo&quot; signed: Emilo Frugoni.</subfield></datafield><datafield ind1='0' ind2=' ' tag='505'><subfield code='a'>Prólogo.--Justo y Marx.--Revolución y Contrarevolución.--Las ideas monetaries de Juan B. Justo.--El trabajo humano no es una mercancía.--Los males del capitalismo.--La obra parlamentaria del senador E. de Valle Iberlucea.--El laicismo en la enseñanza.--Civilización y barbarie.--Por la democracia hacia el socialismo.--Democracia y dictadura.--El socialismo y la paz.--Jean Jaurés y la paz.--Por qué somos socialistas.--El porvenir del socialismo.--Evolución y revolución.--Seamos optimistas.</subfield></datafield><datafield ind1=' ' ind2='0' tag='650'><subfield code='a'>Socialism.</subfield></datafield><datafield ind1='1' ind2=' ' tag='700'><subfield code='a'>Frugoni, Emilio,</subfield><subfield code='d'>1881-</subfield></datafield><datafield ind1=' ' ind2=' ' tag='907'><subfield code='a'>.b133451641</subfield><subfield code='c'>m</subfield><subfield code='d'>a</subfield><subfield code='e'>-</subfield><subfield code='f'>spa</subfield><subfield code='g'>ag</subfield><subfield code='h'>0</subfield><subfield code='i'>1</subfield></datafield><datafield ind1=' ' ind2=' ' tag='035'><subfield code='a'>(OCoLC)4270408</subfield></datafield><datafield ind1=' ' ind2=' ' tag='901'><subfield code='a'>2d36a0c3-c106-48ea-b658-9bcff3a37916</subfield><subfield code='b'>13</subfield><subfield code='c'>false</subfield></datafield><datafield ind1='8' ind2=' ' tag='852'><subfield code='h'>SFC (Dickmann, E. Pensamiento y accion)</subfield><subfield code='0'>7901777</subfield><subfield code='b'>scsbnypl</subfield></datafield><datafield ind1=' ' ind2=' ' tag='876'><subfield code='0'>7901777</subfield><subfield code='a'>12963104</subfield><subfield code='j'>Available</subfield><subfield code='p'>33433099725743</subfield><subfield code='t'>1</subfield><subfield code='x'>Open</subfield><subfield code='z'>NA</subfield><subfield code='l'>RECAP</subfield></datafield></record>