
<record><leader>00887nam a2200265 a 4500</leader><controlfield tag='001'>SCSB-6901702</controlfield><controlfield tag='003'>CStRLIN</controlfield><controlfield tag='005'>20000629190847.0</controlfield><controlfield tag='008'>970915s1992    at a          000 p ara d</controlfield><controlfield tag='009'>.b133217565</controlfield><datafield ind1=' ' ind2=' ' tag='040'><subfield code='d'>NN</subfield><subfield code='d'>WaOLN</subfield></datafield><datafield ind1=' ' ind2=' ' tag='066'><subfield code='c'>(3</subfield></datafield><datafield ind1='1' ind2=' ' tag='100'><subfield code='6'>880-01.</subfield><subfield code='a'>Biʻaynī, Sharbal.</subfield></datafield><datafield ind1='1' ind2='0' tag='245'><subfield code='6'>880-02</subfield><subfield code='a'>Munājāt ʻAlī :</subfield><subfield code='b'>shiʻr /</subfield><subfield code='c'>Sharbal Biʻaynī.</subfield></datafield><datafield ind1='1' ind2='8' tag='246'><subfield code='a'>In praise of Ali.</subfield></datafield><datafield ind1=' ' ind2=' ' tag='250'><subfield code='6'>880-03</subfield><subfield code='a'>al-Ṭabʻah 2.</subfield></datafield><datafield ind1=' ' ind2=' ' tag='260'><subfield code='a'>Merrylands, Australia :</subfield><subfield code='b'>C. Baini,</subfield><subfield code='c'>1992.</subfield></datafield><datafield ind1=' ' ind2=' ' tag='300'><subfield code='a'>135 p. :</subfield><subfield code='b'>ill. ;</subfield><subfield code='c'>17 cm.</subfield></datafield><datafield ind1=' ' ind2=' ' tag='546'><subfield code='a'>In Arabic.</subfield></datafield><datafield ind1='0' ind2='0' tag='600'><subfield code='6'>880-04.</subfield><subfield code='a'>ʻAlī ibn Abī Ṭālib,</subfield><subfield code='c'>Caliph,</subfield><subfield code='d'>approximately 600-661</subfield><subfield code='v'>Poetry.</subfield></datafield><datafield ind1=' ' ind2='0' tag='650'><subfield code='a'>Islamic poetry, Arabic</subfield><subfield code='z'>Australia.</subfield></datafield><datafield ind1=' ' ind2=' ' tag='907'><subfield code='a'>.b133217565</subfield><subfield code='c'>m</subfield><subfield code='d'>a</subfield><subfield code='e'>-</subfield><subfield code='f'>ara</subfield><subfield code='g'>at</subfield><subfield code='h'>0</subfield><subfield code='i'>1</subfield></datafield><datafield ind1='8' ind2=' ' tag='852'><subfield code='h'>*OFA 97-5088</subfield><subfield code='0'>6986779</subfield><subfield code='b'>scsbnypl</subfield></datafield><datafield ind1=' ' ind2=' ' tag='876'><subfield code='0'>6986779</subfield><subfield code='a'>11234590</subfield><subfield code='j'>Available</subfield><subfield code='p'>33433014405728</subfield><subfield code='t'>1</subfield><subfield code='x'>Shared</subfield><subfield code='z'>NA</subfield><subfield code='l'>RECAP</subfield></datafield></record>