
<record><leader>00569nam a2200181 a 4500</leader><controlfield tag='001'>SCSB-12048857</controlfield><controlfield tag='005'>20100608224706.0</controlfield><controlfield tag='008'>940922s1992    at a          000|0 ara d</controlfield><controlfield tag='009'>990047675460203941</controlfield><datafield ind1=' ' ind2=' ' tag='035'><subfield code='a'>(OCoLC)32782620</subfield></datafield><datafield ind1=' ' ind2=' ' tag='043'><subfield code='a'>u-at---</subfield></datafield><datafield ind1='1' ind2=' ' tag='100'><subfield code='a'>Baini, Charbel,</subfield><subfield code='d'>1951-</subfield></datafield><datafield ind1='1' ind2='0' tag='245'><subfield code='a'>Munājāt ʻAlī :</subfield><subfield code='b'>shiʻr /</subfield><subfield code='c'>Sharbal Biʻaynī.</subfield></datafield><datafield ind1='1' ind2='8' tag='246'><subfield code='a'>In praise of Ali.</subfield></datafield><datafield ind1=' ' ind2=' ' tag='250'><subfield code='a'>al-Ṭabʻah 2.</subfield></datafield><datafield ind1=' ' ind2=' ' tag='260'><subfield code='a'>Merrylands, Australia :</subfield><subfield code='b'>C. Baini,</subfield><subfield code='c'>1992.</subfield></datafield><datafield ind1=' ' ind2=' ' tag='300'><subfield code='a'>135 p. :</subfield><subfield code='b'>ill. ;</subfield><subfield code='c'>17 cm.</subfield></datafield><datafield ind1='0' ind2='0' tag='600'><subfield code='a'>ʻAlī ibn Abī Ṭālib,</subfield><subfield code='c'>Caliph,</subfield><subfield code='d'>approximately 600-661</subfield><subfield code='v'>Poetry.</subfield></datafield><datafield ind1=' ' ind2='0' tag='650'><subfield code='a'>Islamic poetry, Arabic</subfield><subfield code='z'>Australia.</subfield></datafield><datafield ind1=' ' ind2='7' tag='655'><subfield code='a'>Poetry</subfield><subfield code='2'>fast</subfield><subfield code='0'>(OCoLC)fst01423828</subfield></datafield><datafield ind1='1' ind2=' ' tag='583'><subfield code='a'>committed to retain</subfield><subfield code='c'>20181001</subfield><subfield code='d'>in perpetuity</subfield><subfield code='f'>ReCAP Shared Collection</subfield><subfield code='5'>HUL</subfield><subfield code='8'>221929052720003941</subfield></datafield><datafield ind1='0' ind2=' ' tag='852'><subfield code='c'>HD</subfield><subfield code='0'>12875617</subfield><subfield code='b'>scsbhl</subfield></datafield><datafield ind1=' ' ind2=' ' tag='876'><subfield code='0'>12875617</subfield><subfield code='a'>18669695</subfield><subfield code='h'> </subfield><subfield code='j'>Available</subfield><subfield code='k'>WID</subfield><subfield code='p'>HWR2I3</subfield><subfield code='x'>Shared</subfield><subfield code='z'>HW</subfield><subfield code='l'>HD</subfield></datafield></record>