
<record><leader>00873nam a2200301ua 4500</leader><controlfield tag='001'>SCSB-3837786</controlfield><controlfield tag='003'>NNC</controlfield><controlfield tag='005'>20221012184510.0</controlfield><controlfield tag='008'>991101s1998    le            000 0 ararc</controlfield><controlfield tag='009'>2522370</controlfield><datafield ind1=' ' ind2=' ' tag='020'><subfield code='a'>1894040732</subfield></datafield><datafield ind1=' ' ind2=' ' tag='035'><subfield code='a'>(OCoLC)44130482</subfield></datafield><datafield ind1=' ' ind2=' ' tag='035'><subfield code='a'>(OCoLC)ocm44130482</subfield></datafield><datafield ind1=' ' ind2=' ' tag='035'><subfield code='9'>AQH5613CU</subfield></datafield><datafield ind1=' ' ind2=' ' tag='035'><subfield code='a'>(NNC)2522370</subfield></datafield><datafield ind1=' ' ind2=' ' tag='035'><subfield code='a'>2522370</subfield></datafield><datafield ind1=' ' ind2=' ' tag='040'><subfield code='a'>MH</subfield><subfield code='c'>MH</subfield><subfield code='d'>CStRLIN</subfield><subfield code='d'>MiU</subfield><subfield code='d'>NjP</subfield></datafield><datafield ind1=' ' ind2=' ' tag='042'><subfield code='a'>pcc</subfield></datafield><datafield ind1=' ' ind2='4' tag='050'><subfield code='a'>PJ7832.A69</subfield><subfield code='b'>I52 1998</subfield></datafield><datafield ind1='1' ind2=' ' tag='100'><subfield code='a'>Hāshim, ʻAlī Muḥammad.</subfield><subfield code='0'>http://id.loc.gov/authorities/names/n84032258</subfield></datafield><datafield ind1='1' ind2='0' tag='245'><subfield code='a'>ʻInāq :</subfield><subfield code='b'>shiʻr /</subfield><subfield code='c'>ʻAlī Muḥammad Hāshim.</subfield></datafield><datafield ind1='3' ind2=' ' tag='246'><subfield code='a'>ʻAnāq</subfield></datafield><datafield ind1=' ' ind2=' ' tag='250'><subfield code='a'>al-Ṭabʻah 1.</subfield></datafield><datafield ind1=' ' ind2=' ' tag='260'><subfield code='a'>Bayrūt :</subfield><subfield code='b'>Al-Sharikah al-ʻĀlamīyah lil-Kitāb,</subfield><subfield code='c'>1998.</subfield></datafield><datafield ind1=' ' ind2=' ' tag='300'><subfield code='a'>128 pages ;</subfield><subfield code='c'>20 cm</subfield></datafield><datafield ind1=' ' ind2=' ' tag='336'><subfield code='a'>text</subfield><subfield code='b'>txt</subfield><subfield code='2'>rdacontent</subfield></datafield><datafield ind1=' ' ind2=' ' tag='337'><subfield code='a'>unmediated</subfield><subfield code='b'>n</subfield><subfield code='2'>rdamedia</subfield></datafield><datafield ind1=' ' ind2=' ' tag='500'><subfield code='a'>Poems.</subfield></datafield><datafield ind1=' ' ind2=' ' tag='901'><subfield code='a'>8b12f0ed-43dd-467e-a211-eb3cbbb66c38</subfield><subfield code='b'>25</subfield><subfield code='c'>false</subfield></datafield><datafield ind1='0' ind2='0' tag='852'><subfield code='h'>PJ7832.A6 I52 1998g</subfield><subfield code='0'>3849142</subfield><subfield code='b'>scsbcul</subfield></datafield><datafield ind1=' ' ind2=' ' tag='876'><subfield code='0'>3849142</subfield><subfield code='a'>5653068</subfield><subfield code='h'> </subfield><subfield code='j'>Available</subfield><subfield code='p'>CU74449990</subfield><subfield code='t'>1</subfield><subfield code='x'>Open</subfield><subfield code='z'>CU</subfield><subfield code='l'>RECAP</subfield></datafield></record>