
<record><leader>01448cam a2200325   4500</leader><controlfield tag='001'>SCSB-3514599</controlfield><controlfield tag='003'>NNC</controlfield><controlfield tag='005'>20220609051628.0</controlfield><controlfield tag='008'>750730s1930    xx            000 0 eng d</controlfield><controlfield tag='009'>2014848</controlfield><datafield ind1=' ' ind2=' ' tag='010'><subfield code='a'>   30029550 </subfield></datafield><datafield ind1=' ' ind2=' ' tag='035'><subfield code='a'>(OCoLC)ocm01491435</subfield></datafield><datafield ind1=' ' ind2=' ' tag='035'><subfield code='9'>AMP3419CU</subfield></datafield><datafield ind1=' ' ind2=' ' tag='035'><subfield code='a'>(NNC)2014848</subfield></datafield><datafield ind1=' ' ind2=' ' tag='035'><subfield code='a'>2014848</subfield></datafield><datafield ind1=' ' ind2=' ' tag='040'><subfield code='a'>BNG</subfield><subfield code='c'>BNG</subfield><subfield code='d'>ZCU</subfield></datafield><datafield ind1=' ' ind2=' ' tag='043'><subfield code='a'>a-ir---</subfield></datafield><datafield ind1=' ' ind2=' ' tag='099'><subfield code='a'>ND</subfield><subfield code='a'>3399</subfield><subfield code='a'>Sh1</subfield></datafield><datafield ind1='1' ind2=' ' tag='100'><subfield code='a'>Arnold, Thomas Walker,</subfield><subfield code='c'>Sir,</subfield><subfield code='d'>1864-1930.</subfield><subfield code='0'>http://id.loc.gov/authorities/names/n85803549</subfield></datafield><datafield ind1='1' ind2='0' tag='245'><subfield code='a'>Bihzād and his paintings in the Zafar-nāmah ms.</subfield></datafield><datafield ind1=' ' ind2=' ' tag='260'><subfield code='a'>London :</subfield><subfield code='b'>B. Quaritch,</subfield><subfield code='c'>1930.</subfield></datafield><datafield ind1=' ' ind2=' ' tag='300'><subfield code='a'>25 pages, xii color plates :</subfield><subfield code='b'>illustrations, 2 facsimiles ;</subfield><subfield code='c'>29 cm</subfield></datafield><datafield ind1=' ' ind2=' ' tag='336'><subfield code='a'>text</subfield><subfield code='b'>txt</subfield><subfield code='2'>rdacontent</subfield></datafield><datafield ind1=' ' ind2=' ' tag='337'><subfield code='a'>unmediated</subfield><subfield code='b'>n</subfield><subfield code='2'>rdamedia</subfield></datafield><datafield ind1=' ' ind2=' ' tag='500'><subfield code='a'>With reproductions of 12 miniatures attributed to Bihzād in a 15th century manuscript of the Zafar-nāmah, a biography of Tīmūr by Sharaf al-Dīn \u0027Alī Yazdī. The present owner of the manuscript is Mr. Robert Garrett.</subfield></datafield><datafield ind1='0' ind2='0' tag='600'><subfield code='a'>Bihzād,</subfield><subfield code='d'>active 16th century.</subfield><subfield code='0'>http://id.loc.gov/authorities/names/n80104208</subfield></datafield><datafield ind1=' ' ind2='0' tag='650'><subfield code='a'>Illumination of books and manuscripts</subfield><subfield code='z'>Iran.</subfield><subfield code='0'>http://id.loc.gov/authorities/subjects/sh2009126749</subfield></datafield><datafield ind1=' ' ind2='0' tag='650'><subfield code='a'>Illumination of books and manuscripts</subfield><subfield code='v'>Specimens.</subfield><subfield code='0'>http://id.loc.gov/authorities/subjects/sh2008123016</subfield></datafield><datafield ind1='1' ind2='2' tag='600'><subfield code='a'>\u0027Alī, Sharaf al-Dīn, Yazdī,</subfield><subfield code='d'>-1454.</subfield><subfield code='t'>Zafar-nāmah.</subfield></datafield><datafield ind1=' ' ind2=' ' tag='901'><subfield code='a'>149bd4da-3bc6-43e2-824a-25b9deb32494</subfield><subfield code='b'>9</subfield><subfield code='c'>false</subfield></datafield><datafield ind1='8' ind2='0' tag='852'><subfield code='h'>ND3399 Sh1</subfield><subfield code='0'>3517087</subfield><subfield code='b'>scsbcul</subfield></datafield><datafield ind1=' ' ind2=' ' tag='876'><subfield code='0'>3517087</subfield><subfield code='a'>5257559</subfield><subfield code='h'>In Library Use</subfield><subfield code='j'>Available</subfield><subfield code='p'>AR52573109</subfield><subfield code='t'>1</subfield><subfield code='x'>Open</subfield><subfield code='z'>AR</subfield><subfield code='l'>RECAP</subfield></datafield></record>