
<record><leader>01294cam a2200349 i 4500</leader><controlfield tag='001'>SCSB-14335463</controlfield><controlfield tag='003'>NNC</controlfield><controlfield tag='005'>20240626010428.0</controlfield><controlfield tag='008'>210825s2021    tu h          000 0 tur  </controlfield><controlfield tag='009'>15616077</controlfield><datafield ind1=' ' ind2=' ' tag='010'><subfield code='a'>  2021337121</subfield></datafield><datafield ind1=' ' ind2=' ' tag='020'><subfield code='a'>9786059786836</subfield></datafield><datafield ind1=' ' ind2=' ' tag='020'><subfield code='a'>6059786839</subfield></datafield><datafield ind1=' ' ind2=' ' tag='035'><subfield code='a'>(OCoLC)on1330425139</subfield></datafield><datafield ind1=' ' ind2=' ' tag='035'><subfield code='a'>(OCoLC)1330425139</subfield></datafield><datafield ind1=' ' ind2=' ' tag='035'><subfield code='a'>15616077</subfield></datafield><datafield ind1=' ' ind2=' ' tag='040'><subfield code='a'>DLC</subfield><subfield code='b'>eng</subfield><subfield code='e'>rda</subfield><subfield code='c'>DLC</subfield><subfield code='d'>OCLCQ</subfield><subfield code='d'>ZCU</subfield></datafield><datafield ind1=' ' ind2=' ' tag='042'><subfield code='a'>lcode</subfield></datafield><datafield ind1=' ' ind2=' ' tag='049'><subfield code='a'>ZCUA</subfield></datafield><datafield ind1=' ' ind2='4' tag='050'><subfield code='a'>PL53.9.A44</subfield><subfield code='b'>Z638 2021</subfield></datafield><datafield ind1='0' ind2='0' tag='245'><subfield code='a'>Ali Şîr Nevâî ve Muhâkemetü&apos;l-Lugateyn :</subfield><subfield code='b'>Ali Şîr Nevâ&apos;înin doğumunun 580. yılı anısına.</subfield></datafield><datafield ind1=' ' ind2='1' tag='264'><subfield code='a'>Istanbul :</subfield><subfield code='b'>Akademik Kitaplar,</subfield><subfield code='c'>2021.</subfield></datafield><datafield ind1=' ' ind2=' ' tag='300'><subfield code='a'>125 pages + 16 pages :</subfield><subfield code='b'>facsimilies ;</subfield><subfield code='c'>20 cm</subfield></datafield><datafield ind1=' ' ind2=' ' tag='336'><subfield code='a'>text</subfield><subfield code='b'>txt</subfield><subfield code='2'>rdacontent</subfield></datafield><datafield ind1=' ' ind2=' ' tag='337'><subfield code='a'>unmediated</subfield><subfield code='b'>n</subfield><subfield code='2'>rdamedia</subfield></datafield><datafield ind1=' ' ind2=' ' tag='338'><subfield code='a'>volume</subfield><subfield code='b'>nc</subfield><subfield code='2'>rdacarrier</subfield></datafield><datafield ind1=' ' ind2=' ' tag='520'><subfield code='a'>Chagatai language; Turkish language; Persian language; Comparative Grammar.</subfield></datafield><datafield ind1='0' ind2='7' tag='600'><subfield code='a'>Alisher Navoiĭ,</subfield><subfield code='d'>1441-1501.</subfield><subfield code='2'>fast</subfield><subfield code='0'>(OCoLC)fst00154918</subfield></datafield><datafield ind1=' ' ind2='7' tag='650'><subfield code='a'>Poets, Chagatai.</subfield><subfield code='2'>fast</subfield><subfield code='0'>(OCoLC)fst01067848</subfield></datafield><datafield ind1=' ' ind2='7' tag='655'><subfield code='a'>Criticism, interpretation, etc.</subfield><subfield code='2'>fast</subfield><subfield code='0'>(OCoLC)fst01411635</subfield></datafield><datafield ind1='1' ind2=' ' tag='700'><subfield code='a'>Örmeci, Saâdet.</subfield><subfield code='0'>http://id.loc.gov/authorities/names/no2024001568</subfield></datafield><datafield ind1=' ' ind2=' ' tag='901'><subfield code='a'>7173ad0a-d7af-4715-92c5-19f0311c3286</subfield><subfield code='b'>29</subfield><subfield code='c'>false</subfield></datafield><datafield ind1='0' ind2='0' tag='852'><subfield code='h'>PL53.9.A44 Z638 2021g</subfield><subfield code='0'>15289593</subfield><subfield code='b'>scsbcul</subfield></datafield><datafield ind1=' ' ind2=' ' tag='876'><subfield code='0'>15289593</subfield><subfield code='a'>21823183</subfield><subfield code='h'> </subfield><subfield code='j'>Not Available</subfield><subfield code='p'>CU28424239</subfield><subfield code='t'>1</subfield><subfield code='x'>Shared</subfield><subfield code='z'>CU</subfield><subfield code='l'>RECAP</subfield></datafield></record>