
<record><leader>00000aam a2200349 a 4500</leader><controlfield tag='001'>SCSB-11714151</controlfield><controlfield tag='005'>20080221153749.0</controlfield><controlfield tag='008'>060602s2006    le h     b    001 0caraoc</controlfield><controlfield tag='009'>990099761350203941</controlfield><datafield ind1=' ' ind2=' ' tag='020'><subfield code='a'>2745147730 (set)</subfield></datafield><datafield ind1=' ' ind2=' ' tag='020'><subfield code='a'>9782745147738 (set)</subfield></datafield><datafield ind1=' ' ind2=' ' tag='035'><subfield code='a'>(OCoLC)70105158</subfield></datafield><datafield ind1=' ' ind2=' ' tag='040'><subfield code='a'>CSt</subfield><subfield code='c'>STF</subfield></datafield><datafield ind1=' ' ind2='4' tag='050'><subfield code='a'>BP189.4</subfield><subfield code='b'>.A45 2006</subfield></datafield><datafield ind1='0' ind2=' ' tag='100'><subfield code='6'>880-01</subfield><subfield code='a'>ʻĀmir ibn Khamīs,</subfield><subfield code='d'>approximately 1067-1157</subfield></datafield><datafield ind1='0' ind2=' ' tag='880'><subfield code='6'>100-01/</subfield><subfield code='a'>عامر بن خميس،</subfield><subfield code='d'>approximately 1067-1157.</subfield></datafield><datafield ind1='1' ind2='0' tag='245'><subfield code='6'>880-02</subfield><subfield code='a'>Manāqib al-abrār wa-maḥāsin al-akhyār fī ṭabaqāt al-Ṣūfīyah /</subfield><subfield code='c'>taʼlīf al-Ḥusayn ibn Naṣr ibn Muḥammad al-maʻrūf bi-Ibn Khamīs al-Mawṣilī ; taḥqīq wa-taqdīm Saʻīd ʻAbd al-Fattāḥ.</subfield></datafield><datafield ind1='1' ind2='0' tag='880'><subfield code='6'>245-02/</subfield><subfield code='a'>مناقب الأبرار ومحاسن الأخيار في طبقات الصوفية /</subfield><subfield code='c'>تأليف الحسين بن نصر بن محمد المعروف بابن خميس الموصلي ؛ تحقيق وتقديم سعيد عبد الفتاح.</subfield></datafield><datafield ind1='1' ind2='5' tag='246'><subfield code='a'>Manāqib al-&apos;abrār wa-maḥāsin al-&apos;aẖyār fī tabaqāt al-Ṣūfiyah</subfield></datafield><datafield ind1='1' ind2='5' tag='246'><subfield code='a'>Ranks of Sufis</subfield></datafield><datafield ind1='1' ind2='5' tag='246'><subfield code='a'>Manāqib al-&apos;abrār wa-maḥāsin al-&apos;ah̲yār fī tabaqāt al-Ṣūfiyah</subfield></datafield><datafield ind1=' ' ind2=' ' tag='250'><subfield code='6'>880-03</subfield><subfield code='a'>al-Ṭabʻah 1.</subfield></datafield><datafield ind1=' ' ind2=' ' tag='880'><subfield code='6'>250-03/</subfield><subfield code='a'>الطبعة 1.</subfield></datafield><datafield ind1=' ' ind2=' ' tag='260'><subfield code='6'>880-04</subfield><subfield code='a'>Bayrūt :</subfield><subfield code='b'>Dār al-Kutub al-ʻIlmīyah,</subfield><subfield code='c'>2006.</subfield></datafield><datafield ind1=' ' ind2=' ' tag='880'><subfield code='6'>260-04/</subfield><subfield code='a'>بيروت :</subfield><subfield code='b'>دار الكتب العلمية،</subfield><subfield code='c'>2006.</subfield></datafield><datafield ind1=' ' ind2=' ' tag='300'><subfield code='a'>2 v. :</subfield><subfield code='b'>facsims. ;</subfield><subfield code='c'>25 cm.</subfield></datafield><datafield ind1='1' ind2=' ' tag='490'><subfield code='6'>880-05</subfield><subfield code='a'>Manshūrāt Muḥammad ʻAlī Bayḍūn</subfield></datafield><datafield ind1='1' ind2=' ' tag='880'><subfield code='6'>490-05/</subfield><subfield code='a'>منشورات محمد علي بيضون</subfield></datafield><datafield ind1=' ' ind2=' ' tag='504'><subfield code='a'>Includes bibliographical references and indexes.</subfield></datafield><datafield ind1=' ' ind2='0' tag='650'><subfield code='a'>Sufis</subfield><subfield code='x'>Biography</subfield><subfield code='v'>Early works to 1800.</subfield></datafield><datafield ind1=' ' ind2='7' tag='655'><subfield code='a'>Biographies</subfield><subfield code='2'>fast</subfield><subfield code='0'>(OCoLC)fst01919896</subfield></datafield><datafield ind1=' ' ind2='7' tag='655'><subfield code='a'>Early works</subfield><subfield code='2'>fast</subfield><subfield code='0'>(OCoLC)fst01411636</subfield></datafield><datafield ind1='1' ind2=' ' tag='700'><subfield code='6'>880-06</subfield><subfield code='a'>ʻAbd al-Fattāḥ, Saʻīd</subfield></datafield><datafield ind1='1' ind2=' ' tag='880'><subfield code='6'>700-06/</subfield><subfield code='a'>عبد الفتاح، سعيد.</subfield></datafield><datafield ind1=' ' ind2=' ' tag='752'><subfield code='a'>Lebanon</subfield><subfield code='d'>Beirut.</subfield></datafield><datafield ind1='0' ind2='8' tag='776'><subfield code='i'>Online version:</subfield><subfield code='a'>Ibn Khamīs al-Mawṣilī, Ḥusayn ibn Naṣr ibn Muḥammad.</subfield><subfield code='t'>Manāqib al-abrār wa-maḥāsin al-akhyār fī ṭabaqāt al-Ṣūfīyah.</subfield><subfield code='b'>al-Ṭabʻah 1.</subfield><subfield code='d'>Bayrūt : Dār al-Kutub al-ʻIlmīyah, 2006</subfield><subfield code='w'>(OCoLC)607727451</subfield></datafield><datafield ind1=' ' ind2='0' tag='830'><subfield code='6'>880-55</subfield><subfield code='a'>Manshūrāt Muḥammad ʻAlī Bayḍūn</subfield></datafield><datafield ind1=' ' ind2='0' tag='880'><subfield code='6'>830-55/</subfield><subfield code='a'>منشورات محمد علي بيضون.</subfield></datafield><datafield ind1='1' ind2=' ' tag='583'><subfield code='a'>committed to retain</subfield><subfield code='c'>20181001</subfield><subfield code='d'>in perpetuity</subfield><subfield code='f'>ReCAP Shared Collection</subfield><subfield code='5'>HUL</subfield><subfield code='8'>222108681370003941</subfield></datafield><datafield ind1='0' ind2=' ' tag='852'><subfield code='c'>HD</subfield><subfield code='0'>12531078</subfield><subfield code='b'>scsbhl</subfield></datafield><datafield ind1=' ' ind2=' ' tag='876'><subfield code='0'>12531078</subfield><subfield code='3'>v.2</subfield><subfield code='a'>18311233</subfield><subfield code='h'> </subfield><subfield code='j'>Available</subfield><subfield code='k'>WID</subfield><subfield code='p'>32044098774706</subfield><subfield code='x'>Shared</subfield><subfield code='z'>HW</subfield><subfield code='l'>HD</subfield></datafield><datafield ind1=' ' ind2=' ' tag='876'><subfield code='0'>12531078</subfield><subfield code='3'>v.1</subfield><subfield code='a'>18311234</subfield><subfield code='h'> </subfield><subfield code='j'>Available</subfield><subfield code='k'>WID</subfield><subfield code='p'>32044098774698</subfield><subfield code='x'>Shared</subfield><subfield code='z'>HW</subfield><subfield code='l'>HD</subfield></datafield></record>