
<record><leader>00000cam a2200349M  4500</leader><controlfield tag='001'>SCSB-14378682</controlfield><controlfield tag='003'>OCoLC</controlfield><controlfield tag='005'>20200117015329.0</controlfield><controlfield tag='008'>721101s1886    nyua   j      000 0 eng dcamM  </controlfield><controlfield tag='009'>.b221686241</controlfield><datafield ind1='1' ind2=' ' tag='100'><subfield code='a'>Greenaway, Kate,</subfield><subfield code='d'>1846-1901.</subfield></datafield><datafield ind1=' ' ind2='0' tag='650'><subfield code='a'>Nursery rhymes.</subfield></datafield><datafield ind1=' ' ind2='0' tag='650'><subfield code='a'>Alphabet books.</subfield></datafield><datafield ind1=' ' ind2='7' tag='650'><subfield code='a'>Alphabet books.</subfield><subfield code='2'>fast</subfield><subfield code='0'>(OCoLC)fst00805964</subfield></datafield><datafield ind1=' ' ind2='7' tag='650'><subfield code='a'>Nursery rhymes.</subfield><subfield code='2'>fast</subfield><subfield code='0'>(OCoLC)fst01041532</subfield></datafield><datafield ind1=' ' ind2=' ' tag='992'><subfield code='a'>prod-b175153383</subfield></datafield><datafield ind1=' ' ind2=' ' tag='010'><subfield code='a'>   17013047</subfield></datafield><datafield ind1=' ' ind2=' ' tag='591'><subfield code='a'>Published also by G. Routledge.</subfield></datafield><datafield ind1=' ' ind2=' ' tag='260'><subfield code='a'>London, New York :</subfield><subfield code='b'>F. Warne,</subfield><subfield code='c'>[1886?]</subfield></datafield><datafield ind1=' ' ind2=' ' tag='300'><subfield code='a'>1v. (unpaged) :</subfield><subfield code='b'>illus.</subfield></datafield><datafield ind1='1' ind2='2' tag='245'><subfield code='a'>A apple pie /</subfield><subfield code='c'>by Kate Greenaway.</subfield></datafield><datafield ind1=' ' ind2=' ' tag='995'><subfield code='a'>394652</subfield></datafield><datafield ind1=' ' ind2=' ' tag='037'><subfield code='c'>4.95.</subfield></datafield><datafield ind1=' ' ind2=' ' tag='040'><subfield code='a'>UWO</subfield><subfield code='b'>eng</subfield><subfield code='c'>UWO</subfield><subfield code='d'>OCLCO</subfield><subfield code='d'>OCLCF</subfield></datafield><datafield ind1=' ' ind2=' ' tag='049'><subfield code='a'>NYPP</subfield></datafield><datafield ind1=' ' ind2=' ' tag='901'><subfield code='a'>MARS</subfield></datafield><datafield ind1=' ' ind2=' ' tag='945'><subfield code='a'>.b175153383</subfield></datafield><datafield ind1=' ' ind2=' ' tag='946'><subfield code='a'>m</subfield></datafield><datafield ind1=' ' ind2=' ' tag='901'><subfield code='a'>kts</subfield><subfield code='b'>CATBL</subfield></datafield><datafield ind1=' ' ind2=' ' tag='996'><subfield code='a'>720548164</subfield></datafield><datafield ind1=' ' ind2=' ' tag='910'><subfield code='a'>RL</subfield></datafield><datafield ind1=' ' ind2=' ' tag='909'><subfield code='a'>OCLC Holdings Update Project Exclusion 2022</subfield></datafield><datafield ind1='0' ind2='0' tag='907'><subfield code='a'>.b221686241</subfield></datafield><datafield ind1=' ' ind2=' ' tag='035'><subfield code='a'>(OCoLC)1120168088</subfield></datafield><datafield ind1='8' ind2=' ' tag='852'><subfield code='h'>J 398.8 G</subfield><subfield code='0'>15334527</subfield><subfield code='b'>scsbnypl</subfield></datafield><datafield ind1=' ' ind2=' ' tag='876'><subfield code='0'>15334527</subfield><subfield code='a'>21878050</subfield><subfield code='h'>In Library Use</subfield><subfield code='j'>Available</subfield><subfield code='p'>33433107263976</subfield><subfield code='t'>1</subfield><subfield code='x'>Shared</subfield><subfield code='z'>NA</subfield><subfield code='l'>RECAP</subfield></datafield></record>