
<record><leader>02869cam a2200409 a 4500</leader><controlfield tag='001'>SCSB-4846192</controlfield><controlfield tag='003'>NNC</controlfield><controlfield tag='005'>20221102191644.0</controlfield><controlfield tag='008'>030403t20032003onc      b    001 0 eng  </controlfield><controlfield tag='009'>4255830</controlfield><datafield ind1=' ' ind2=' ' tag='015'><subfield code='a'>GBA3-X4675</subfield></datafield><datafield ind1=' ' ind2=' ' tag='016'><subfield code='a'>20039022188</subfield></datafield><datafield ind1=' ' ind2=' ' tag='020'><subfield code='a'>0802037224 (bound) :</subfield><subfield code='c'>$60.00</subfield></datafield><datafield ind1=' ' ind2=' ' tag='035'><subfield code='a'>(OCoLC)ocm52071195</subfield></datafield><datafield ind1=' ' ind2=' ' tag='035'><subfield code='a'>(NNC)4255830</subfield></datafield><datafield ind1=' ' ind2=' ' tag='035'><subfield code='a'>4255830</subfield></datafield><datafield ind1=' ' ind2=' ' tag='040'><subfield code='a'>NLC</subfield><subfield code='c'>NLC</subfield><subfield code='d'>UKM</subfield><subfield code='d'>NNC</subfield><subfield code='d'>OrLoB-B</subfield></datafield><datafield ind1=' ' ind2=' ' tag='043'><subfield code='a'>e-uk---</subfield></datafield><datafield ind1='0' ind2='2' tag='055'><subfield code='a'>PN57*</subfield></datafield><datafield ind1=' ' ind2='0' tag='055'><subfield code='a'>PN57 A6</subfield><subfield code='b'>M64 2003</subfield></datafield><datafield ind1='0' ind2='0' tag='055'><subfield code='a'>PN57 A6</subfield><subfield code='b'>M64 2003</subfield></datafield><datafield ind1='0' ind2=' ' tag='082'><subfield code='a'>820.9/351</subfield><subfield code='2'>21</subfield></datafield><datafield ind1='1' ind2=' ' tag='100'><subfield code='a'>Moll, Richard J.</subfield><subfield code='q'>(Richard James),</subfield><subfield code='d'>1966-</subfield><subfield code='0'>http://id.loc.gov/authorities/names/no2001078919</subfield></datafield><datafield ind1='1' ind2='0' tag='245'><subfield code='a'>Before Malory :</subfield><subfield code='b'>reading Arthur in later medieval England /</subfield><subfield code='c'>Richard J. Moll.</subfield></datafield><datafield ind1=' ' ind2=' ' tag='260'><subfield code='a'>Toronto :</subfield><subfield code='b'>University of Toronto Press,</subfield><subfield code='c'>[2003], ©2003.</subfield></datafield><datafield ind1=' ' ind2=' ' tag='300'><subfield code='a'>ix, 368 pages ;</subfield><subfield code='c'>24 cm</subfield></datafield><datafield ind1=' ' ind2=' ' tag='336'><subfield code='a'>text</subfield><subfield code='b'>txt</subfield><subfield code='2'>rdacontent</subfield></datafield><datafield ind1=' ' ind2=' ' tag='337'><subfield code='a'>unmediated</subfield><subfield code='b'>n</subfield><subfield code='2'>rdamedia</subfield></datafield><datafield ind1=' ' ind2=' ' tag='504'><subfield code='a'>Includes bibliographical references and index.</subfield></datafield><datafield ind1='0' ind2='0' tag='505'><subfield code='t'>Introduction: Facts and Fictions --</subfield><subfield code='g'>Ch. 1.</subfield><subfield code='t'>The Years of Romance --</subfield><subfield code='g'>Ch. 2.</subfield><subfield code='t'>The Scalacronica of Sir Thomas Gray of Heton --</subfield><subfield code='t'>Gray&apos;s Autobiographical Prologue as Chivalric Self-Fashioning --</subfield><subfield code='t'>Arthur and the Chivalric Past --</subfield><subfield code='g'>Ch. 3.</subfield><subfield code='t'>Defending Arthur --</subfield><subfield code='t'>Thomas Gray&apos;s Defence of Arthur --</subfield><subfield code='t'>John Trevisa&apos;s Polychronicon --</subfield><subfield code='g'>Ch. 4.</subfield><subfield code='t'>History curiously dytit --</subfield><subfield code='t'>Andrew Wyntoun on Huchown&apos;s gret Gest of Arthure --</subfield><subfield code='t'>The Alliterative Morte Arthure --</subfield><subfield code='g'>Ch. 5.</subfield><subfield code='t'>Adventures in History --</subfield><subfield code='t'>The Awntyrs off Arthure --</subfield><subfield code='t'>Sir Gawain and the Green Knight --</subfield><subfield code='g'>Ch. 6.</subfield><subfield code='t'>Making History: John Hardyng&apos;s Metrical Chronicle --</subfield><subfield code='t'>Hardyng&apos;s Adventurous Knights --</subfield><subfield code='g'>Ch. 7.</subfield><subfield code='t'>Fifteenth-Century Scribes --</subfield><subfield code='t'>Robert of Gloucester, Arundel MS 58 --</subfield><subfield code='t'>The Prose Brut: The Trinity/Cleveland Abbreviation and Lambeth Palace Library, MS 84 --</subfield><subfield code='t'>Conclusion: Reading about Arthur.</subfield></datafield><datafield ind1='1' ind2=' ' tag='520'><subfield code='a'>&quot;Although most modern scholars doubt the historicity of King Arthur, parts of the legend were accepted as fact throughout the Middle Ages. Medieval accounts of the historical Arthur, however, present a very different king from the romances that are widely studied today. Richard Moll examines a wide variety of historical texts to explore the relationship between the Arthurian chronicles and the romances. He demonstrates how competing and conflicting traditions interacted with one another, and how writers and readers of Arthurian texts negotiated a complex textual tradition.&quot;--BOOK JACKET.</subfield></datafield><datafield ind1=' ' ind2='0' tag='650'><subfield code='a'>Arthurian romances</subfield><subfield code='v'>Sources.</subfield><subfield code='0'>http://id.loc.gov/authorities/subjects/sh2007101475</subfield></datafield><datafield ind1='0' ind2='0' tag='600'><subfield code='a'>Arthur,</subfield><subfield code='c'>King.</subfield><subfield code='0'>http://id.loc.gov/authorities/names/n79055479</subfield></datafield><datafield ind1=' ' ind2='0' tag='651'><subfield code='a'>Great Britain</subfield><subfield code='x'>History</subfield><subfield code='y'>To 1066</subfield><subfield code='v'>Sources.</subfield></datafield><datafield ind1=' ' ind2='6' tag='650'><subfield code='a'>Cycle d&apos;Arthur</subfield><subfield code='v'>Sources.</subfield></datafield><datafield ind1='0' ind2='6' tag='600'><subfield code='a'>Arthur,</subfield><subfield code='c'>roi.</subfield></datafield><datafield ind1=' ' ind2='6' tag='651'><subfield code='a'>Grande-Bretagne</subfield><subfield code='x'>Histoire</subfield><subfield code='y'>Jusqu&apos;à 1066</subfield><subfield code='v'>Sources.</subfield></datafield><datafield ind1='0' ind2='0' tag='852'><subfield code='h'>PN57.A6 M64 2003g</subfield><subfield code='0'>4856551</subfield><subfield code='b'>scsbcul</subfield></datafield><datafield ind1=' ' ind2=' ' tag='876'><subfield code='0'>4856551</subfield><subfield code='a'>7342931</subfield><subfield code='h'> </subfield><subfield code='j'>Available</subfield><subfield code='p'>CU73300691</subfield><subfield code='t'>1</subfield><subfield code='x'>Shared</subfield><subfield code='z'>CU</subfield><subfield code='l'>RECAP</subfield></datafield></record>