
<record><leader>04634pam a2200541 i 4500</leader><controlfield tag='001'>SCSB-9616299</controlfield><controlfield tag='003'>NNC</controlfield><controlfield tag='005'>20240618204127.0</controlfield><controlfield tag='008'>180924s2019    enkab    b    001 0 eng  </controlfield><controlfield tag='009'>13899533</controlfield><datafield ind1=' ' ind2=' ' tag='010'><subfield code='a'>  2018045786</subfield></datafield><datafield ind1=' ' ind2=' ' tag='020'><subfield code='a'>9781138202825</subfield><subfield code='q'>hardcover</subfield><subfield code='q'>alkaline paper</subfield></datafield><datafield ind1=' ' ind2=' ' tag='020'><subfield code='a'>1138202827</subfield><subfield code='q'>hardcover</subfield><subfield code='q'>alkaline paper</subfield></datafield><datafield ind1=' ' ind2=' ' tag='024'><subfield code='a'>40029153692</subfield></datafield><datafield ind1=' ' ind2=' ' tag='035'><subfield code='a'>(OCoLC)on1054262010</subfield></datafield><datafield ind1=' ' ind2=' ' tag='035'><subfield code='a'>(OCoLC)1054262010</subfield></datafield><datafield ind1=' ' ind2=' ' tag='035'><subfield code='a'>13899533</subfield></datafield><datafield ind1=' ' ind2=' ' tag='040'><subfield code='a'>DLC</subfield><subfield code='b'>eng</subfield><subfield code='e'>rda</subfield><subfield code='c'>DLC</subfield><subfield code='d'>OCLCO</subfield><subfield code='d'>OCLCF</subfield><subfield code='d'>NZAWM</subfield><subfield code='d'>NhCcYBP</subfield></datafield><datafield ind1=' ' ind2=' ' tag='042'><subfield code='a'>pcc</subfield></datafield><datafield ind1=' ' ind2=' ' tag='043'><subfield code='a'>e-uk---</subfield></datafield><datafield ind1='0' ind2='0' tag='050'><subfield code='a'>CC135</subfield><subfield code='b'>.H56 2019</subfield></datafield><datafield ind1='0' ind2='0' tag='082'><subfield code='a'>363.6/90941</subfield><subfield code='2'>23</subfield></datafield><datafield ind1='0' ind2='0' tag='245'><subfield code='a'>Historicising heritage and emotions :</subfield><subfield code='b'>the affective histories of blood, stone and land /</subfield><subfield code='c'>edited by Alicia Marchant.</subfield></datafield><datafield ind1=' ' ind2=' ' tag='250'><subfield code='a'>First edition.</subfield></datafield><datafield ind1=' ' ind2='1' tag='264'><subfield code='a'>Abingdon, Oxon ;</subfield><subfield code='a'>New York, NY :</subfield><subfield code='b'>Routledge,</subfield><subfield code='c'>2019.</subfield></datafield><datafield ind1=' ' ind2=' ' tag='300'><subfield code='a'>xiii, 268 pages :</subfield><subfield code='b'>illustrations, map ;</subfield><subfield code='c'>24 cm.</subfield></datafield><datafield ind1=' ' ind2=' ' tag='336'><subfield code='a'>text</subfield><subfield code='b'>txt</subfield><subfield code='2'>rdacontent</subfield></datafield><datafield ind1=' ' ind2=' ' tag='337'><subfield code='a'>unmediated</subfield><subfield code='b'>n</subfield><subfield code='2'>rdamedia</subfield></datafield><datafield ind1=' ' ind2=' ' tag='338'><subfield code='a'>volume</subfield><subfield code='b'>nc</subfield><subfield code='2'>rdacarrier</subfield></datafield><datafield ind1='1' ind2=' ' tag='490'><subfield code='a'>Routledge studies in heritage ;</subfield><subfield code='v'>12</subfield></datafield><datafield ind1=' ' ind2=' ' tag='504'><subfield code='a'>Includes bibliographical references and index.</subfield></datafield><datafield ind1='0' ind2=' ' tag='505'><subfield code='a'>Introduction: &quot;Historicising heritage and emotions&quot; / Alicia Marchant -- Affective histories of blood, stone and land in Medieval and Early Modern Britain -- Carved in stone: engaging with the past in Medieval Orkney / Sarah Randles -- Wulfstan of Worcester&apos;s weeping: the architecture of the Norman Conquest as a site of cross-cultural emotion / Jane-Héloïse Nancarrow -- John Hardyng&apos;s Scotland: emotional geographies and forged heritage in the fifteenth century / Alicia Marchant -- Sacred memory: the Elizabethan Monuments of Westminster Abbey / Peter Sherlock -- Emotional lineages: blood, property, family and affection in Early Modern Scotland / Katie Barclay -- &quot;Let me weep for such a feeling loss&quot;: the emotional significance of Shakespeare&apos;s heritage / Susan Broomhall -- Affective histories of blood, stone and land in Australia and the Pacific -- My heritage -- it is not just about sticks and stones -- it is timeless, precious and irreplaceable / Patsy Cameron -- The crimson thread of medievalism: haematic heritage and transhistorical mood in Colonial Australia / Louise D&apos;Arcens -- John Watt Beattie and the presentation of convict history / Jon Addison -- &quot;The general softening of manners among us&quot;: music and the moral power of nostalgia in a colonial penal colony / Alan Maddox -- Murdering snow and ruling the north: the rise and fall of affective colonialism and the advent of heritage tourism in New Zealand / Kristyn Harman -- Convict bloodlines: crime, intergenerational legacies and convict heritage / Hamish Maxwell-Stewart -- The esplanade and the city gatekeepers: contesting the limits of urban heritage protection / Jenny Gregory.</subfield></datafield><datafield ind1=' ' ind2=' ' tag='520'><subfield code='a'>&quot;Historicising Heritage and Emotions examines how heritage is connected to and between people and places through emotion, in the past and today. Discussion focuses on the categories of blood (families and bloodlines), stone (monuments and memorials), and land (landscape and places imbued with memories). Contributors explore how emotions invest heritage with affective power, and the transformative effects of this power in individual, community and cultural contexts. Offering transhistorical and multidisplinary discussion about how we can talk about, discuss, categorise and theorise heritage and emotion, it is valuable for students and scholars interested in heritage, emotions and history.&quot;--Provided by publisher.</subfield></datafield><datafield ind1=' ' ind2='0' tag='650'><subfield code='a'>Cultural property</subfield><subfield code='x'>Psychological aspects.</subfield></datafield><datafield ind1=' ' ind2='0' tag='650'><subfield code='a'>Historic preservation</subfield><subfield code='x'>Psychological aspects.</subfield></datafield><datafield ind1=' ' ind2='0' tag='650'><subfield code='a'>Emotions</subfield><subfield code='x'>History.</subfield></datafield><datafield ind1=' ' ind2='0' tag='650'><subfield code='a'>Historic sites</subfield><subfield code='x'>Social aspects</subfield><subfield code='z'>Great Britain.</subfield></datafield><datafield ind1=' ' ind2='0' tag='650'><subfield code='a'>Historic sites</subfield><subfield code='x'>Social aspects</subfield><subfield code='z'>Great Britain</subfield><subfield code='z'>Colonies.</subfield></datafield><datafield ind1=' ' ind2='7' tag='650'><subfield code='a'>Emotions.</subfield><subfield code='2'>fast</subfield><subfield code='0'>(OCoLC)fst00908819</subfield></datafield><datafield ind1=' ' ind2='7' tag='650'><subfield code='a'>Historic sites</subfield><subfield code='x'>Social aspects.</subfield><subfield code='2'>fast</subfield><subfield code='0'>(OCoLC)fst00957902</subfield></datafield><datafield ind1=' ' ind2='7' tag='651'><subfield code='a'>Great Britain.</subfield><subfield code='2'>fast</subfield><subfield code='0'>(OCoLC)fst01204623</subfield></datafield><datafield ind1=' ' ind2='7' tag='655'><subfield code='a'>History.</subfield><subfield code='2'>fast</subfield><subfield code='0'>(OCoLC)fst01411628</subfield></datafield><datafield ind1='1' ind2=' ' tag='700'><subfield code='a'>Marchant, Alicia,</subfield><subfield code='e'>editor.</subfield><subfield code='4'>http://id.loc.gov/vocabulary/relators/edt</subfield><subfield code='0'>http://id.loc.gov/authorities/names/no2015016899</subfield></datafield><datafield ind1='0' ind2='8' tag='776'><subfield code='i'>Online version:</subfield><subfield code='t'>Historicising heritage and emotions</subfield><subfield code='b'>First edition.</subfield><subfield code='d'>Abingdon, Oxon ; New York, NY : Routledge, [2019]</subfield><subfield code='z'>9781315472898</subfield><subfield code='w'>(DLC)  2018045996</subfield></datafield><datafield ind1=' ' ind2='0' tag='830'><subfield code='a'>Routledge studies in heritage.</subfield><subfield code='0'>http://id.loc.gov/authorities/names/no2012086195</subfield></datafield><datafield ind1='0' ind2='0' tag='852'><subfield code='h'>CC135 .H56 2019</subfield><subfield code='0'>10210012</subfield><subfield code='b'>scsbcul</subfield></datafield><datafield ind1=' ' ind2=' ' tag='876'><subfield code='0'>10210012</subfield><subfield code='a'>15942566</subfield><subfield code='h'>In Library Use</subfield><subfield code='j'>Available</subfield><subfield code='p'>AR02601680</subfield><subfield code='t'>1</subfield><subfield code='x'>Shared</subfield><subfield code='z'>AR</subfield><subfield code='l'>RECAP</subfield></datafield></record>