
<record><leader>01337cam a22003254a 4500</leader><controlfield tag='001'>SCSB-5931197</controlfield><controlfield tag='003'>NNC</controlfield><controlfield tag='005'>20221110005430.0</controlfield><controlfield tag='008'>050406t20062006ohuab    b    001 0 eng  </controlfield><controlfield tag='009'>5276475</controlfield><datafield ind1=' ' ind2=' ' tag='020'><subfield code='a'>0324203977</subfield></datafield><datafield ind1=' ' ind2=' ' tag='035'><subfield code='a'>(OCoLC)60516848</subfield></datafield><datafield ind1=' ' ind2=' ' tag='035'><subfield code='a'>(OCoLC)ocm60516848</subfield></datafield><datafield ind1=' ' ind2=' ' tag='035'><subfield code='a'>(NNC)5276475</subfield></datafield><datafield ind1=' ' ind2=' ' tag='035'><subfield code='a'>5276475</subfield></datafield><datafield ind1=' ' ind2=' ' tag='040'><subfield code='a'>NNC</subfield><subfield code='c'>NNC</subfield></datafield><datafield ind1=' ' ind2='4' tag='050'><subfield code='a'>HF1411</subfield><subfield code='b'>.Y34 2006</subfield></datafield><datafield ind1='1' ind2=' ' tag='100'><subfield code='a'>Yarbrough, Beth V.</subfield><subfield code='0'>http://id.loc.gov/authorities/names/n85329968</subfield></datafield><datafield ind1='1' ind2='4' tag='245'><subfield code='a'>The world economy :</subfield><subfield code='b'>trade and finance /</subfield><subfield code='c'>Beth V. Yarbrough, Robert M. Yarbrough.</subfield></datafield><datafield ind1=' ' ind2=' ' tag='250'><subfield code='a'>7th ed.</subfield></datafield><datafield ind1=' ' ind2=' ' tag='260'><subfield code='a'>Mason, Ohio :</subfield><subfield code='b'>South-Western/Thomson Learning,</subfield><subfield code='c'>[2006], ©2006.</subfield></datafield><datafield ind1=' ' ind2=' ' tag='300'><subfield code='a'>xvi, 763 pages :</subfield><subfield code='b'>illustrations (some color), maps (some color) ;</subfield><subfield code='c'>27 cm</subfield></datafield><datafield ind1=' ' ind2=' ' tag='336'><subfield code='a'>text</subfield><subfield code='b'>txt</subfield><subfield code='2'>rdacontent</subfield></datafield><datafield ind1=' ' ind2=' ' tag='337'><subfield code='a'>unmediated</subfield><subfield code='b'>n</subfield><subfield code='2'>rdamedia</subfield></datafield><datafield ind1=' ' ind2=' ' tag='504'><subfield code='a'>Includes bibliographical references and indexes.</subfield></datafield><datafield ind1=' ' ind2='0' tag='650'><subfield code='a'>Commercial policy.</subfield><subfield code='0'>http://id.loc.gov/authorities/subjects/sh85028953</subfield></datafield><datafield ind1=' ' ind2='0' tag='650'><subfield code='a'>International finance.</subfield><subfield code='0'>http://id.loc.gov/authorities/subjects/sh85067405</subfield></datafield><datafield ind1=' ' ind2='0' tag='650'><subfield code='a'>International economic relations.</subfield><subfield code='0'>http://id.loc.gov/authorities/subjects/sh85067395</subfield></datafield><datafield ind1=' ' ind2='0' tag='650'><subfield code='a'>Economic policy.</subfield><subfield code='0'>http://id.loc.gov/authorities/subjects/sh85040837</subfield></datafield><datafield ind1='1' ind2=' ' tag='700'><subfield code='a'>Yarbrough, Robert M.</subfield><subfield code='0'>http://id.loc.gov/authorities/names/n85329969</subfield></datafield><datafield ind1='0' ind2='0' tag='852'><subfield code='h'>HF1411 .Y34 2006</subfield><subfield code='0'>5920843</subfield><subfield code='b'>scsbcul</subfield></datafield><datafield ind1=' ' ind2=' ' tag='876'><subfield code='0'>5920843</subfield><subfield code='a'>8656899</subfield><subfield code='h'> </subfield><subfield code='j'>Available</subfield><subfield code='p'>CU74912135</subfield><subfield code='t'>1</subfield><subfield code='x'>Shared</subfield><subfield code='z'>CU</subfield><subfield code='l'>RECAP</subfield></datafield></record>