
<record><leader>00000cam a2200493Ii 4500</leader><controlfield tag='001'>SCSB-10034134</controlfield><controlfield tag='005'>20130712192537.0</controlfield><controlfield tag='008'>130329t20122012caua     c    001 0 eng d</controlfield><controlfield tag='009'>990136990380203941</controlfield><datafield ind1=' ' ind2=' ' tag='020'><subfield code='a'>9780984346066</subfield></datafield><datafield ind1=' ' ind2=' ' tag='020'><subfield code='a'>0984346066</subfield></datafield><datafield ind1=' ' ind2=' ' tag='035'><subfield code='a'>(OCoLC)833439756</subfield><subfield code='z'>(OCoLC)1084885345</subfield></datafield><datafield ind1=' ' ind2=' ' tag='040'><subfield code='a'>JPG</subfield><subfield code='b'>eng</subfield><subfield code='e'>rda</subfield><subfield code='c'>JPG</subfield><subfield code='d'>OCLCQ</subfield><subfield code='d'>OCLCO</subfield></datafield><datafield ind1=' ' ind2=' ' tag='043'><subfield code='a'>n-us-ut</subfield></datafield><datafield ind1=' ' ind2='4' tag='050'><subfield code='a'>TR647</subfield><subfield code='b'>.A236 2012</subfield></datafield><datafield ind1=' ' ind2=' ' tag='084'><subfield code='a'>NH32.A211</subfield><subfield code='b'>H45 2012</subfield><subfield code='2'>nhcp</subfield></datafield><datafield ind1='0' ind2='0' tag='245'><subfield code='a'>Ansel Adams &amp; Dorothea Lange&apos;s Three Mormon towns /</subfield><subfield code='c'>foreword by Mary Ellen Mark ; essay by Senator Harry Reid ; edited by Mark Hedengren.</subfield></datafield><datafield ind1='3' ind2=' ' tag='246'><subfield code='a'>Ansel Adams and Dorothea Lange&apos;s Three Mormon towns</subfield></datafield><datafield ind1='3' ind2='0' tag='246'><subfield code='a'>Three Mormon towns</subfield></datafield><datafield ind1=' ' ind2=' ' tag='250'><subfield code='a'>First edition.</subfield></datafield><datafield ind1=' ' ind2='1' tag='264'><subfield code='a'>[Oakland, California] :</subfield><subfield code='b'>Oakland Museum of California ;</subfield><subfield code='a'>[Salt Lake City, Utah] :</subfield><subfield code='b'>Utah Arts Council,</subfield><subfield code='c'>[2012]</subfield></datafield><datafield ind1=' ' ind2='4' tag='264'><subfield code='c'>©2012</subfield></datafield><datafield ind1=' ' ind2=' ' tag='300'><subfield code='a'>109 pages :</subfield><subfield code='b'>illustrations ;</subfield><subfield code='c'>25 x 23 cm</subfield></datafield><datafield ind1=' ' ind2=' ' tag='336'><subfield code='a'>text</subfield><subfield code='b'>txt</subfield><subfield code='2'>rdacontent</subfield></datafield><datafield ind1=' ' ind2=' ' tag='337'><subfield code='a'>unmediated</subfield><subfield code='b'>n</subfield><subfield code='2'>rdamedia</subfield></datafield><datafield ind1=' ' ind2=' ' tag='338'><subfield code='a'>volume</subfield><subfield code='b'>nc</subfield><subfield code='2'>rdacarrier</subfield></datafield><datafield ind1=' ' ind2=' ' tag='500'><subfield code='a'>Includes index.</subfield></datafield><datafield ind1=' ' ind2=' ' tag='500'><subfield code='a'>Catalog of an exhibition held at the Oakland Museum of California and Brigham Young University Museum of Art, Provo, Utah.</subfield></datafield><datafield ind1='2' ind2=' ' tag='505'><subfield code='a'>Three Mormon towns : photographs by Dorothea Lange &amp; Ansel Adams -- Three Mormon towns revisited : photographs by Mark Hedengren.</subfield></datafield><datafield ind1='1' ind2='0' tag='600'><subfield code='a'>Adams, Ansel,</subfield><subfield code='d'>1902-1984</subfield><subfield code='v'>Exhibitions.</subfield></datafield><datafield ind1='1' ind2='0' tag='600'><subfield code='a'>Lange, Dorothea</subfield><subfield code='v'>Exhibitions.</subfield></datafield><datafield ind1=' ' ind2='0' tag='650'><subfield code='a'>Latter Day Saints</subfield><subfield code='z'>Utah</subfield><subfield code='z'>Saint George</subfield><subfield code='v'>Portraits</subfield><subfield code='v'>Exhibitions.</subfield></datafield><datafield ind1=' ' ind2='0' tag='650'><subfield code='a'>Latter Day Saints</subfield><subfield code='z'>Utah</subfield><subfield code='z'>Gunlock</subfield><subfield code='v'>Portraits</subfield><subfield code='v'>Exhibitions.</subfield></datafield><datafield ind1=' ' ind2='0' tag='650'><subfield code='a'>Latter Day Saints</subfield><subfield code='z'>Utah</subfield><subfield code='z'>Toquerville</subfield><subfield code='v'>Portraits</subfield><subfield code='v'>Exhibitions.</subfield></datafield><datafield ind1=' ' ind2='0' tag='651'><subfield code='a'>Saint George (Utah)</subfield><subfield code='x'>Social life and customs</subfield><subfield code='v'>Pictorial works</subfield><subfield code='v'>Exhibitions.</subfield></datafield><datafield ind1=' ' ind2='0' tag='651'><subfield code='a'>Toquerville (Utah)</subfield><subfield code='x'>Social life and customs</subfield><subfield code='v'>Pictorial works</subfield><subfield code='v'>Exhibitions.</subfield></datafield><datafield ind1=' ' ind2='0' tag='651'><subfield code='a'>Gunlock (Utah)</subfield><subfield code='x'>Social life and customs</subfield><subfield code='v'>Pictorial works</subfield><subfield code='v'>Exhibitions.</subfield></datafield><datafield ind1=' ' ind2='0' tag='650'><subfield code='a'>Latter Day Saints</subfield><subfield code='z'>Utah</subfield><subfield code='z'>Saint George</subfield><subfield code='v'>Portraits.</subfield></datafield><datafield ind1=' ' ind2='0' tag='650'><subfield code='a'>Latter Day Saints</subfield><subfield code='z'>Utah</subfield><subfield code='z'>Gunlock</subfield><subfield code='v'>Portraits.</subfield></datafield><datafield ind1=' ' ind2='0' tag='650'><subfield code='a'>Latter Day Saints</subfield><subfield code='z'>Utah</subfield><subfield code='z'>Toquerville</subfield><subfield code='v'>Portraits.</subfield></datafield><datafield ind1=' ' ind2='0' tag='651'><subfield code='a'>Saint George (Utah)</subfield><subfield code='x'>Social life and customs</subfield><subfield code='v'>Pictorial works.</subfield></datafield><datafield ind1=' ' ind2='0' tag='651'><subfield code='a'>Toquerville (Utah)</subfield><subfield code='x'>Social life and customs</subfield><subfield code='v'>Pictorial works.</subfield></datafield><datafield ind1=' ' ind2='0' tag='651'><subfield code='a'>Gunlock (Utah)</subfield><subfield code='x'>Social life and customs</subfield><subfield code='v'>Pictorial works.</subfield></datafield><datafield ind1=' ' ind2='7' tag='655'><subfield code='a'>Exhibition catalogs</subfield><subfield code='2'>fast</subfield></datafield><datafield ind1=' ' ind2='7' tag='655'><subfield code='a'>Pictorial works</subfield><subfield code='2'>fast</subfield></datafield><datafield ind1=' ' ind2='7' tag='655'><subfield code='a'>Portraits</subfield><subfield code='2'>fast</subfield></datafield><datafield ind1='2' ind2=' ' tag='710'><subfield code='a'>Oakland Museum of California</subfield><subfield code='e'>host institution.</subfield></datafield><datafield ind1='1' ind2=' ' tag='700'><subfield code='a'>Hedengren, Mark Finch,</subfield><subfield code='d'>1980-</subfield><subfield code='e'>editor.</subfield></datafield><datafield ind1='1' ind2=' ' tag='700'><subfield code='a'>Mark, Mary Ellen,</subfield><subfield code='d'>1940-</subfield><subfield code='e'>writer of added commentary.</subfield></datafield><datafield ind1='1' ind2=' ' tag='700'><subfield code='a'>Reid, Harry,</subfield><subfield code='d'>1939-2021</subfield></datafield><datafield ind1='1' ind2='2' tag='700'><subfield code='a'>Adams, Ansel,</subfield><subfield code='d'>1902-1984.</subfield><subfield code='t'>Works.</subfield><subfield code='k'>Selections.</subfield><subfield code='f'>2012.</subfield></datafield><datafield ind1='1' ind2='2' tag='700'><subfield code='a'>Lange, Dorothea.</subfield><subfield code='t'>Works.</subfield><subfield code='k'>Selections.</subfield><subfield code='f'>2012.</subfield></datafield><datafield ind1='2' ind2=' ' tag='710'><subfield code='a'>Brigham Young University Museum of Art,</subfield><subfield code='e'>host institution.</subfield></datafield><datafield ind1='2' ind2=' ' tag='710'><subfield code='a'>Utah Arts Council</subfield></datafield><datafield ind1='1' ind2=' ' tag='700'><subfield code='a'>Hedengren, Mark Finch,</subfield><subfield code='d'>1980-</subfield><subfield code='e'>editor.</subfield></datafield><datafield ind1='2' ind2=' ' tag='710'><subfield code='a'>Oakland Museum</subfield><subfield code='e'>host institution.</subfield></datafield><datafield ind1='1' ind2=' ' tag='700'><subfield code='a'>Mark, Mary Ellen,</subfield><subfield code='d'>1940-2015</subfield><subfield code='e'>writer of added commentary.</subfield></datafield><datafield ind1='1' ind2=' ' tag='583'><subfield code='a'>committed to retain</subfield><subfield code='c'>20181001</subfield><subfield code='d'>in perpetuity</subfield><subfield code='f'>ReCAP Shared Collection</subfield><subfield code='5'>HUL</subfield><subfield code='8'>222161733090003941</subfield></datafield><datafield ind1='8' ind2=' ' tag='852'><subfield code='c'>HD</subfield><subfield code='0'>10781175</subfield><subfield code='b'>scsbhl</subfield></datafield><datafield ind1=' ' ind2=' ' tag='876'><subfield code='0'>10781175</subfield><subfield code='a'>16480334</subfield><subfield code='h'> </subfield><subfield code='j'>Available</subfield><subfield code='k'>FAL</subfield><subfield code='p'>32044130362189</subfield><subfield code='x'>Shared</subfield><subfield code='z'>FL</subfield><subfield code='l'>HD</subfield></datafield></record>