
<record><leader>02726cjm a2200577Ii 4500</leader><controlfield tag='001'>SCSB-13986924</controlfield><controlfield tag='003'>NNC</controlfield><controlfield tag='005'>20230126144756.0</controlfield><controlfield tag='007'>sd fsngnnmmned</controlfield><controlfield tag='007'>sd zsngnnmmned</controlfield><controlfield tag='007'>sd zqngnnmmned</controlfield><controlfield tag='008'>170802p20172016vauuun   efi      n zxx d</controlfield><controlfield tag='009'>13256705</controlfield><datafield ind1='1' ind2='0' tag='024'><subfield code='a'>053479221421</subfield></datafield><datafield ind1='0' ind2='2' tag='028'><subfield code='a'>DSL-92214</subfield><subfield code='b'>Sono Luminus</subfield></datafield><datafield ind1='0' ind2='0' tag='028'><subfield code='a'>92214</subfield><subfield code='b'>Sono Luminus</subfield></datafield><datafield ind1='2' ind2='0' tag='033'><subfield code='a'>20160320</subfield><subfield code='a'>20160324</subfield><subfield code='b'>3884</subfield><subfield code='c'>B753</subfield></datafield><datafield ind1=' ' ind2=' ' tag='035'><subfield code='a'>(OCoLC)ocn999873121</subfield></datafield><datafield ind1=' ' ind2=' ' tag='035'><subfield code='a'>(OCoLC)999873121</subfield></datafield><datafield ind1=' ' ind2=' ' tag='035'><subfield code='a'>(NNC)13256705</subfield></datafield><datafield ind1=' ' ind2=' ' tag='035'><subfield code='a'>13256705</subfield></datafield><datafield ind1=' ' ind2=' ' tag='040'><subfield code='a'>TDF</subfield><subfield code='b'>eng</subfield><subfield code='e'>rda</subfield><subfield code='c'>TDF</subfield><subfield code='d'>OCLCQ</subfield><subfield code='d'>INU</subfield><subfield code='d'>OCLCF</subfield></datafield><datafield ind1='0' ind2=' ' tag='041'><subfield code='g'>eng</subfield></datafield><datafield ind1='0' ind2='0' tag='245'><subfield code='a'>Beyond.</subfield></datafield><datafield ind1=' ' ind2='1' tag='264'><subfield code='a'>Boyce, VA :</subfield><subfield code='b'>Sono Luminus,</subfield><subfield code='c'>[2017]</subfield></datafield><datafield ind1=' ' ind2='4' tag='264'><subfield code='c'>℗2017,</subfield><subfield code='c'>©2017</subfield></datafield><datafield ind1=' ' ind2=' ' tag='300'><subfield code='a'>3 audio discs ;</subfield><subfield code='c'>4 3/4 in.</subfield></datafield><datafield ind1=' ' ind2=' ' tag='336'><subfield code='a'>performed music</subfield><subfield code='b'>prm</subfield><subfield code='2'>rdacontent</subfield></datafield><datafield ind1=' ' ind2=' ' tag='337'><subfield code='a'>audio</subfield><subfield code='b'>s</subfield><subfield code='2'>rdamedia</subfield></datafield><datafield ind1=' ' ind2=' ' tag='338'><subfield code='a'>audio disc</subfield><subfield code='b'>sd</subfield><subfield code='2'>rdacarrier</subfield></datafield><datafield ind1=' ' ind2=' ' tag='344'><subfield code='a'>digital</subfield><subfield code='b'>optical</subfield><subfield code='g'>stereo</subfield><subfield code='g'>surround</subfield><subfield code='2'>rda</subfield></datafield><datafield ind1=' ' ind2=' ' tag='347'><subfield code='a'>audio file</subfield><subfield code='b'>CD audio</subfield><subfield code='b'>Blu-Ray audio</subfield><subfield code='2'>rda</subfield></datafield><datafield ind1='0' ind2='1' tag='382'><subfield code='a'>percussion ensemble</subfield><subfield code='e'>1</subfield><subfield code='t'>1</subfield><subfield code='2'>lcmpt</subfield></datafield><datafield ind1='0' ind2='1' tag='382'><subfield code='a'>percussion</subfield><subfield code='n'>4</subfield><subfield code='s'>4</subfield><subfield code='2'>lcmpt</subfield></datafield><datafield ind1=' ' ind2=' ' tag='500'><subfield code='a'>Title from disc label.</subfield></datafield><datafield ind1='0' ind2=' ' tag='511'><subfield code='a'>Los Angeles Percussion Quartet.</subfield></datafield><datafield ind1=' ' ind2=' ' tag='518'><subfield code='o'>Recorded</subfield><subfield code='d'>2016 March 20-24</subfield><subfield code='p'>Sono Luminus Studios, Boyce, Virginia.</subfield></datafield><datafield ind1=' ' ind2=' ' tag='500'><subfield code='a'>Program and biographical notes in English (18 pages) inserted in container.</subfield></datafield><datafield ind1=' ' ind2=' ' tag='538'><subfield code='a'>This package contains a Pure Audio Blu-ray as well as a standard CD. The Pure Audio Blu-ray will play in any standard Blu-ray player and contains high resolution surround sound and stereo versions of the program material.</subfield></datafield><datafield ind1='0' ind2=' ' tag='505'><subfield code='a'>Qui tollis / Bjarnason (9:48) -- Aura / Thorvaldsdottir (6:13) -- Memory palace / Cerrone (21:35) -- Fear-release / Reid (8:47) -- I hold the lion&apos;s paw / McIntosh (39:31).</subfield></datafield><datafield ind1=' ' ind2='0' tag='650'><subfield code='a'>Percussion ensembles.</subfield><subfield code='0'>http://id.loc.gov/authorities/subjects/sh85099760</subfield></datafield><datafield ind1=' ' ind2='7' tag='650'><subfield code='a'>Percussion ensembles.</subfield><subfield code='2'>fast</subfield><subfield code='0'>(OCoLC)fst01057725</subfield></datafield><datafield ind1=' ' ind2='7' tag='655'><subfield code='a'>Chamber music.</subfield><subfield code='2'>lcgft</subfield><subfield code='0'>http://id.loc.gov/authorities/genreForms/gf2014026704</subfield></datafield><datafield ind1=' ' ind2='7' tag='655'><subfield code='a'>Chamber music.</subfield><subfield code='2'>fast</subfield><subfield code='0'>(OCoLC)fst01726551</subfield></datafield><datafield ind1='0' ind2='2' tag='700'><subfield code='i'>Container of (work):</subfield><subfield code='a'>Daníel Bjarnason,</subfield><subfield code='d'>1979-</subfield><subfield code='t'>Qui tollis.</subfield></datafield><datafield ind1='0' ind2='2' tag='700'><subfield code='i'>Container of (work):</subfield><subfield code='a'>Anna S. Þorvaldsdóttir,</subfield><subfield code='d'>1977-</subfield><subfield code='t'>Aura.</subfield><subfield code='0'>http://id.loc.gov/authorities/names/no2020096572</subfield></datafield><datafield ind1='1' ind2='2' tag='700'><subfield code='i'>Container of (work):</subfield><subfield code='a'>Cerrone, Christopher.</subfield><subfield code='t'>Memory palace.</subfield></datafield><datafield ind1='1' ind2='2' tag='700'><subfield code='i'>Container of (work):</subfield><subfield code='a'>Reid, Ellen</subfield><subfield code='c'>(Composer).</subfield><subfield code='t'>Fear-release.</subfield></datafield><datafield ind1='1' ind2='2' tag='700'><subfield code='i'>Container of (work):</subfield><subfield code='a'>McIntosh, Andrew Nathaniel.</subfield><subfield code='t'>I hold the lion&apos;s paw.</subfield></datafield><datafield ind1='2' ind2=' ' tag='710'><subfield code='a'>Los Angeles Percussion Quartet,</subfield><subfield code='e'>instrumentalist.</subfield><subfield code='4'>http://id.loc.gov/vocabulary/relators/itr</subfield><subfield code='0'>http://id.loc.gov/authorities/names/no2013058581</subfield></datafield><datafield ind1='8' ind2='0' tag='852'><subfield code='h'>CD30557</subfield><subfield code='0'>14921124</subfield><subfield code='b'>scsbcul</subfield></datafield><datafield ind1=' ' ind2=' ' tag='876'><subfield code='0'>14921124</subfield><subfield code='a'>21376554</subfield><subfield code='h'>In Library Use</subfield><subfield code='j'>Available</subfield><subfield code='p'>MR75598850</subfield><subfield code='t'>1</subfield><subfield code='x'>Open</subfield><subfield code='z'>MR</subfield><subfield code='l'>RECAP</subfield></datafield></record>