
<record><leader>01117nam a2200313 a 4500</leader><controlfield tag='001'>SCSB-3996816</controlfield><controlfield tag='003'>NNC</controlfield><controlfield tag='005'>20221013002957.0</controlfield><controlfield tag='008'>001027t20002000msu           000 0 eng d</controlfield><controlfield tag='009'>2755665</controlfield><datafield ind1=' ' ind2=' ' tag='035'><subfield code='a'>(OCoLC)45478566</subfield></datafield><datafield ind1=' ' ind2=' ' tag='035'><subfield code='a'>(OCoLC)ocm45478566</subfield></datafield><datafield ind1=' ' ind2=' ' tag='035'><subfield code='9'>ARM0954CU</subfield></datafield><datafield ind1=' ' ind2=' ' tag='035'><subfield code='a'>(NNC)2755665</subfield></datafield><datafield ind1=' ' ind2=' ' tag='035'><subfield code='a'>2755665</subfield></datafield><datafield ind1=' ' ind2=' ' tag='040'><subfield code='a'>GMU</subfield><subfield code='c'>GMU</subfield></datafield><datafield ind1=' ' ind2=' ' tag='090'><subfield code='a'>PS3554.O825</subfield><subfield code='b'>C66 2000</subfield></datafield><datafield ind1='1' ind2=' ' tag='100'><subfield code='a'>Douglas, Ellen,</subfield><subfield code='d'>1921-2012.</subfield><subfield code='0'>http://id.loc.gov/authorities/names/n82094677</subfield></datafield><datafield ind1='1' ind2='0' tag='245'><subfield code='a'>Conversations with Ellen Douglas /</subfield><subfield code='c'>edited by Panthea Reid.</subfield></datafield><datafield ind1=' ' ind2=' ' tag='260'><subfield code='a'>Jackson :</subfield><subfield code='b'>University Press of Mississippi,</subfield><subfield code='c'>[2000], ©2000.</subfield></datafield><datafield ind1=' ' ind2=' ' tag='300'><subfield code='a'>xxiii, 228 pages ;</subfield><subfield code='c'>24 cm.</subfield></datafield><datafield ind1=' ' ind2=' ' tag='336'><subfield code='a'>text</subfield><subfield code='b'>txt</subfield><subfield code='2'>rdacontent</subfield></datafield><datafield ind1=' ' ind2=' ' tag='337'><subfield code='a'>unmediated</subfield><subfield code='b'>n</subfield><subfield code='2'>rdamedia</subfield></datafield><datafield ind1='1' ind2=' ' tag='490'><subfield code='a'>Literary conversations series</subfield></datafield><datafield ind1=' ' ind2=' ' tag='504'><subfield code='a'>Includes index.</subfield></datafield><datafield ind1='1' ind2='0' tag='600'><subfield code='a'>Douglas, Ellen,</subfield><subfield code='d'>1921-2012</subfield><subfield code='v'>Interviews.</subfield></datafield><datafield ind1=' ' ind2='0' tag='650'><subfield code='a'>Women authors, American</subfield><subfield code='y'>20th century</subfield><subfield code='v'>Interviews.</subfield></datafield><datafield ind1='1' ind2=' ' tag='700'><subfield code='a'>Reid, Panthea.</subfield><subfield code='0'>http://id.loc.gov/authorities/names/n95115259</subfield></datafield><datafield ind1=' ' ind2='0' tag='830'><subfield code='a'>Literary conversations series.</subfield><subfield code='0'>http://id.loc.gov/authorities/names/n84745666</subfield></datafield><datafield ind1='0' ind2='0' tag='852'><subfield code='h'>PS3554.O825 C66 2000g</subfield><subfield code='0'>4007634</subfield><subfield code='b'>scsbcul</subfield></datafield><datafield ind1=' ' ind2=' ' tag='876'><subfield code='0'>4007634</subfield><subfield code='a'>5830492</subfield><subfield code='h'> </subfield><subfield code='j'>Available</subfield><subfield code='p'>CU71593721</subfield><subfield code='t'>1</subfield><subfield code='x'>Shared</subfield><subfield code='z'>CU</subfield><subfield code='l'>RECAP</subfield></datafield></record>