
<record><leader>00518nam a22001935a 4500</leader><controlfield tag='001'>SCSB-11838040</controlfield><controlfield tag='005'>20041020120440.0</controlfield><controlfield tag='008'>980820s1998    onc           000 p eng d</controlfield><controlfield tag='009'>990078872600203941</controlfield><datafield ind1=' ' ind2=' ' tag='020'><subfield code='a'>0771068778</subfield></datafield><datafield ind1=' ' ind2=' ' tag='035'><subfield code='a'>(OCoLC)39534331</subfield></datafield><datafield ind1=' ' ind2=' ' tag='043'><subfield code='a'>n-cn---</subfield><subfield code='a'>a-ce---</subfield></datafield><datafield ind1=' ' ind2='4' tag='050'><subfield code='a'>PR9199.3.O5</subfield><subfield code='b'>H36 1998</subfield></datafield><datafield ind1='1' ind2=' ' tag='100'><subfield code='a'>Ondaatje, Michael,</subfield><subfield code='d'>1943-</subfield></datafield><datafield ind1='1' ind2='0' tag='245'><subfield code='a'>Handwriting /</subfield><subfield code='c'>Michael Ondaatje.</subfield></datafield><datafield ind1=' ' ind2=' ' tag='260'><subfield code='a'>Toronto, Ont. :</subfield><subfield code='b'>McClelland &amp; Stewart,</subfield><subfield code='c'>c1998.</subfield></datafield><datafield ind1=' ' ind2=' ' tag='300'><subfield code='a'>78 p. ;</subfield><subfield code='c'>21 cm.</subfield></datafield><datafield ind1=' ' ind2=' ' tag='520'><subfield code='a'>Handwriting is a collection of exquisitely crafted poems of delicacy and power – poems about love, landscape, and the sweep of history set in the poet’s first home, Sri Lanka. The falling away of culture is juxtaposed with an individual’s sense of loss, grief, and remembrance, as Ondaatje weaves a rich tapestry of images – the unburial of stone Buddhas, a family of stilt-walkers crossing a field, the pattern of teeth marks on skin drawn by a monk from memory. And, like the poets who “wrote their stories on rock and leaf/to celebrate the work of the day,/the shadow pleasures of the night,” in these poems Ondaatje writes of desire and longing, the curve of a bridge against a woman’s foot, the figure of a man walking through a rainstorm to a tryst. Handwriting is a poetic achievement by a writer at the height of his creative powers. In it, we are reminded once again of Michael Ondaatje’s unique artistry with language and of his stature as one of the finest poets writing today.</subfield></datafield><datafield ind1=' ' ind2='0' tag='650'><subfield code='a'>Sri Lankans</subfield><subfield code='z'>Canada</subfield><subfield code='v'>Poetry.</subfield></datafield><datafield ind1=' ' ind2='0' tag='651'><subfield code='a'>Sri Lanka</subfield><subfield code='v'>Poetry.</subfield></datafield><datafield ind1=' ' ind2='0' tag='651'><subfield code='a'>Sri Lanka</subfield><subfield code='z'>Canada</subfield><subfield code='v'>Poetry.</subfield></datafield><datafield ind1=' ' ind2='2' tag='655'><subfield code='a'>Poetry</subfield></datafield><datafield ind1=' ' ind2='7' tag='655'><subfield code='a'>poetry.</subfield><subfield code='2'>aat</subfield></datafield><datafield ind1=' ' ind2='7' tag='655'><subfield code='a'>Poetry</subfield><subfield code='2'>fast</subfield><subfield code='0'>(OCoLC)fst01423828</subfield></datafield><datafield ind1=' ' ind2='7' tag='655'><subfield code='a'>Poetry</subfield><subfield code='2'>lcgft</subfield></datafield><datafield ind1=' ' ind2='7' tag='655'><subfield code='a'>Poésie.</subfield><subfield code='2'>rvmgf</subfield></datafield><datafield ind1='0' ind2='8' tag='776'><subfield code='i'>Online version:</subfield><subfield code='a'>Ondaatje, Michael, 1943-</subfield><subfield code='t'>Handwriting.</subfield><subfield code='d'>Toronto : M &amp; S, ©1998</subfield><subfield code='w'>(OCoLC)607449525</subfield></datafield><datafield ind1='1' ind2=' ' tag='583'><subfield code='a'>committed to retain</subfield><subfield code='c'>20181001</subfield><subfield code='d'>in perpetuity</subfield><subfield code='f'>ReCAP Shared Collection</subfield><subfield code='5'>HUL</subfield><subfield code='8'>222046574560003941</subfield></datafield><datafield ind1='0' ind2=' ' tag='852'><subfield code='c'>HD</subfield><subfield code='h'>PR9199.3.O5</subfield><subfield code='i'>H36 1998</subfield><subfield code='0'>12658545</subfield><subfield code='b'>scsbhl</subfield></datafield><datafield ind1=' ' ind2=' ' tag='876'><subfield code='0'>12658545</subfield><subfield code='a'>18444071</subfield><subfield code='h'> </subfield><subfield code='j'>Available</subfield><subfield code='k'>WID</subfield><subfield code='p'>HXS183</subfield><subfield code='x'>Shared</subfield><subfield code='z'>HW</subfield><subfield code='l'>HD</subfield></datafield></record>