
<record><leader>01077cam a2200325   4500</leader><controlfield tag='001'>SCSB-2853199</controlfield><controlfield tag='003'>NNC</controlfield><controlfield tag='005'>20220525180139.0</controlfield><controlfield tag='008'>910503r1969    it f          000 0 eng  </controlfield><controlfield tag='009'>961129</controlfield><datafield ind1=' ' ind2=' ' tag='010'><subfield code='a'>   78518700 </subfield></datafield><datafield ind1=' ' ind2=' ' tag='015'><subfield code='a'>It70-Mar</subfield></datafield><datafield ind1=' ' ind2=' ' tag='035'><subfield code='a'>(OCoLC)103700</subfield></datafield><datafield ind1=' ' ind2=' ' tag='035'><subfield code='a'>(OCoLC)ocm00103700</subfield></datafield><datafield ind1=' ' ind2=' ' tag='035'><subfield code='a'>(CStRLIN)NYCG91-B47215</subfield></datafield><datafield ind1=' ' ind2=' ' tag='035'><subfield code='9'>AFF8666CU</subfield></datafield><datafield ind1=' ' ind2=' ' tag='035'><subfield code='a'>(NNC)961129</subfield></datafield><datafield ind1=' ' ind2=' ' tag='035'><subfield code='a'>961129</subfield></datafield><datafield ind1='0' ind2='0' tag='050'><subfield code='a'>Z40</subfield><subfield code='b'>.L6</subfield></datafield><datafield ind1='0' ind2=' ' tag='082'><subfield code='a'>411</subfield></datafield><datafield ind1=' ' ind2=' ' tag='090'><subfield code='a'>Z40</subfield><subfield code='b'>.L6</subfield></datafield><datafield ind1='1' ind2=' ' tag='100'><subfield code='a'>Lowe, E. A.</subfield><subfield code='q'>(Elias Avery),</subfield><subfield code='d'>1879-1969.</subfield><subfield code='0'>http://id.loc.gov/authorities/names/n50079076</subfield></datafield><datafield ind1='1' ind2='0' tag='245'><subfield code='a'>Handwriting. :</subfield><subfield code='b'>Our medieval legacy /</subfield><subfield code='c'>by E. A. Lowe. Transcriptions of facsimiles by W. Braxton Ross Jr.</subfield></datafield><datafield ind1=' ' ind2=' ' tag='260'><subfield code='a'>Rome :</subfield><subfield code='b'>Edizioni di storia e letteratura,</subfield><subfield code='c'>1969.</subfield></datafield><datafield ind1=' ' ind2=' ' tag='300'><subfield code='a'>38 p. :</subfield><subfield code='b'>24 plates. ;</subfield><subfield code='c'>29 cm</subfield></datafield><datafield ind1=' ' ind2=' ' tag='336'><subfield code='a'>text</subfield><subfield code='b'>txt</subfield><subfield code='2'>rdacontent</subfield></datafield><datafield ind1=' ' ind2=' ' tag='337'><subfield code='a'>unmediated</subfield><subfield code='b'>n</subfield><subfield code='2'>rdamedia</subfield></datafield><datafield ind1=' ' ind2=' ' tag='500'><subfield code='a'>Originally published in The legacy of the Middle Ages.</subfield></datafield><datafield ind1=' ' ind2='0' tag='650'><subfield code='a'>Writing</subfield><subfield code='x'>History.</subfield><subfield code='0'>http://id.loc.gov/authorities/subjects/sh85148638</subfield></datafield><datafield ind1=' ' ind2=' ' tag='752'><subfield code='a'>Italy</subfield><subfield code='d'>Rome.</subfield><subfield code='2'>naf</subfield></datafield><datafield ind1='8' ind2='0' tag='852'><subfield code='h'>ND2920 L95</subfield><subfield code='0'>2830496</subfield><subfield code='b'>scsbcul</subfield></datafield><datafield ind1=' ' ind2=' ' tag='876'><subfield code='0'>2830496</subfield><subfield code='a'>4467696</subfield><subfield code='h'>In Library Use</subfield><subfield code='j'>Available</subfield><subfield code='p'>AR62686194</subfield><subfield code='t'>1</subfield><subfield code='x'>Shared</subfield><subfield code='z'>AR</subfield><subfield code='l'>RECAP</subfield></datafield></record>