
<record><leader>00000cam  2200457Ii 4500</leader><controlfield tag='001'>SCSB-15264885</controlfield><controlfield tag='003'>OCoLC</controlfield><controlfield tag='005'>20150928162255.0</controlfield><controlfield tag='008'>150306s2014    au a     b    000 0dger dcamIi </controlfield><controlfield tag='009'>.b205849222</controlfield><datafield ind1='1' ind2=' ' tag='100'><subfield code='a'>Lambour, Christian,</subfield><subfield code='e'>author.</subfield></datafield><datafield ind1='1' ind2='0' tag='600'><subfield code='a'>Mandyczewski, Eusebius.</subfield></datafield><datafield ind1=' ' ind2='0' tag='650'><subfield code='a'>Musicologists</subfield><subfield code='z'>Romania</subfield><subfield code='v'>Biography.</subfield></datafield><datafield ind1=' ' ind2=' ' tag='020'><subfield code='a'>9783902368355</subfield><subfield code='q'>(paperback)</subfield></datafield><datafield ind1=' ' ind2=' ' tag='020'><subfield code='a'>3902368357</subfield><subfield code='q'>(paperback)</subfield></datafield><datafield ind1='3' ind2=' ' tag='024'><subfield code='a'>9783902368355</subfield></datafield><datafield ind1=' ' ind2=' ' tag='504'><subfield code='a'>Includes bibliographical references and list of works.</subfield></datafield><datafield ind1='0' ind2='0' tag='505'><subfield code='t'>Ad hoc --</subfield><subfield code='t'>Herkunft --</subfield><subfield code='t'>Mandyczewski in Wien --</subfield><subfield code='t'>Erinnerungen : Zeugnisse : Berichte --</subfield><subfield code='t'>Ehrendoktor der Universität Leipzig --</subfield><subfield code='t'>Der 60. Geburtstag --</subfield><subfield code='t'>Der 70. Geburtstag --</subfield><subfield code='t'>Virginia Cysarz --</subfield><subfield code='t'>Virginia Cysarz : Erinnerungen an den Vater --</subfield><subfield code='t'>Maria von Kulmer --</subfield><subfield code='t'>Hans Gál --</subfield><subfield code='t'>Begegnungen mit Sir George Grove --</subfield><subfield code='t'>Johannes Brahms : Ernste Gesänge --</subfield><subfield code='t'>Mandyczewski-Porträt von Ludwig Michalek --</subfield><subfield code='t'>Einige Schüler von E. Mandyczewski --</subfield><subfield code='t'>Bildarchiv --</subfield><subfield code='t'>Mandyczewski im Wiener Commersbuch --</subfield><subfield code='t'>Werkverzeichnis --</subfield><subfield code='g'>Literaturnachweise --</subfield><subfield code='g'>Eine kleine Chronologie.</subfield></datafield><datafield ind1=' ' ind2='1' tag='264'><subfield code='a'>Innsbruck :</subfield><subfield code='b'>Traditionsverband &quot;Katholische Czernowitzer Pennäler&quot;,</subfield><subfield code='c'>2014.</subfield></datafield><datafield ind1=' ' ind2=' ' tag='300'><subfield code='a'>116 pages :</subfield><subfield code='b'>illustrations (some color) ;</subfield><subfield code='c'>21 cm</subfield></datafield><datafield ind1=' ' ind2=' ' tag='336'><subfield code='a'>text</subfield><subfield code='b'>txt</subfield><subfield code='2'>rdacontent</subfield></datafield><datafield ind1=' ' ind2=' ' tag='337'><subfield code='a'>unmediated</subfield><subfield code='b'>n</subfield><subfield code='2'>rdamedia</subfield></datafield><datafield ind1=' ' ind2=' ' tag='338'><subfield code='a'>volume</subfield><subfield code='b'>nc</subfield><subfield code='2'>rdacarrier</subfield></datafield><datafield ind1='1' ind2=' ' tag='490'><subfield code='a'>Czernowitzer kleine Schriften ;</subfield><subfield code='v'>Heft 29</subfield></datafield><datafield ind1=' ' ind2='0' tag='830'><subfield code='a'>Czernowitzer kleine Schriften ;</subfield><subfield code='v'>Heft 29.</subfield></datafield><datafield ind1='1' ind2='0' tag='245'><subfield code='a'>Eusebius Mandyczewski :</subfield><subfield code='b'>Nachklänge eines Meisters /</subfield><subfield code='c'>von Christian Lambour ; Redaktion: Raimund Lang.</subfield></datafield><datafield ind1=' ' ind2=' ' tag='040'><subfield code='a'>OHX</subfield><subfield code='b'>eng</subfield><subfield code='e'>rda</subfield><subfield code='c'>OHX</subfield><subfield code='d'>OCLCO</subfield><subfield code='d'>YUS</subfield><subfield code='d'>OCLCO</subfield><subfield code='d'>STF</subfield><subfield code='d'>OCLCF</subfield><subfield code='d'>NYP</subfield></datafield><datafield ind1=' ' ind2=' ' tag='043'><subfield code='a'>e-rm---</subfield></datafield><datafield ind1=' ' ind2=' ' tag='049'><subfield code='a'>NYPP</subfield></datafield><datafield ind1=' ' ind2='4' tag='050'><subfield code='a'>ML423.M363</subfield><subfield code='b'>L353 2014</subfield></datafield><datafield ind1=' ' ind2='4' tag='908'><subfield code='a'>ML423.M363</subfield><subfield code='b'>L353 2014</subfield></datafield><datafield ind1='0' ind2='4' tag='082'><subfield code='a'>780.92</subfield><subfield code='a'>B</subfield><subfield code='2'>23</subfield></datafield><datafield ind1=' ' ind2='7' tag='072'><subfield code='a'>ML</subfield><subfield code='2'>lcco</subfield></datafield><datafield ind1=' ' ind2=' ' tag='901'><subfield code='a'>aew</subfield><subfield code='b'>CATRL</subfield></datafield><datafield ind1=' ' ind2=' ' tag='901'><subfield code='a'>MARS</subfield></datafield><datafield ind1=' ' ind2=' ' tag='945'><subfield code='a'>.b205849222</subfield></datafield><datafield ind1=' ' ind2=' ' tag='946'><subfield code='a'>m</subfield></datafield><datafield ind1=' ' ind2='1' tag='949'><subfield code='z'>8528</subfield><subfield code='a'>JMD 15-517</subfield><subfield code='i'>33433117063721</subfield><subfield code='l'>mym32</subfield><subfield code='s'>b</subfield><subfield code='t'>55</subfield><subfield code='h'>32</subfield><subfield code='o'>1</subfield><subfield code='v'>CATRL/aew</subfield></datafield><datafield ind1=' ' ind2=' ' tag='910'><subfield code='a'>RL</subfield></datafield><datafield ind1='0' ind2='0' tag='907'><subfield code='a'>.b205849222</subfield></datafield><datafield ind1=' ' ind2=' ' tag='035'><subfield code='a'>(OCoLC)904540784</subfield></datafield><datafield ind1=' ' ind2=' ' tag='901'><subfield code='a'>28405242-e1c4-498a-aa2a-6353231a6657</subfield><subfield code='b'>25</subfield><subfield code='c'>false</subfield></datafield><datafield ind1='8' ind2=' ' tag='852'><subfield code='h'>JMD 15-517</subfield><subfield code='0'>16365687</subfield><subfield code='b'>scsbnypl</subfield></datafield><datafield ind1=' ' ind2=' ' tag='876'><subfield code='0'>16365687</subfield><subfield code='a'>23124057</subfield><subfield code='j'>Available</subfield><subfield code='p'>33433117063721</subfield><subfield code='t'>1</subfield><subfield code='x'>Open</subfield><subfield code='z'>NA</subfield><subfield code='l'>RECAP</subfield></datafield></record>