
<record><leader>00000cam a2200313Mi 4500</leader><controlfield tag='001'>SCSB-10218961</controlfield><controlfield tag='005'>20150526110612.0</controlfield><controlfield tag='008'>150306s2014    au g          000 0 ger d</controlfield><controlfield tag='009'>990143347870203941</controlfield><datafield ind1=' ' ind2=' ' tag='020'><subfield code='a'>9783902368355 (pbk.)</subfield></datafield><datafield ind1=' ' ind2=' ' tag='020'><subfield code='a'>3902368357 (pbk.)</subfield></datafield><datafield ind1='3' ind2=' ' tag='024'><subfield code='a'>9783902368355</subfield></datafield><datafield ind1=' ' ind2=' ' tag='035'><subfield code='a'>(OCoLC)904540784</subfield></datafield><datafield ind1=' ' ind2=' ' tag='040'><subfield code='a'>OHX</subfield><subfield code='b'>eng</subfield><subfield code='c'>OHX</subfield><subfield code='d'>OCLCO</subfield><subfield code='d'>YUS</subfield><subfield code='d'>OCLCO</subfield></datafield><datafield ind1=' ' ind2=' ' tag='043'><subfield code='a'>e-rm---</subfield></datafield><datafield ind1=' ' ind2='4' tag='050'><subfield code='a'>ML423.M363</subfield><subfield code='b'>L353 2014</subfield></datafield><datafield ind1=' ' ind2='7' tag='072'><subfield code='a'>ML</subfield><subfield code='2'>lcco</subfield></datafield><datafield ind1='1' ind2=' ' tag='100'><subfield code='a'>Lambour, Christian</subfield></datafield><datafield ind1='1' ind2='0' tag='245'><subfield code='a'>Eusebius Mandyczewski :</subfield><subfield code='b'>Nachklänge eines Meisters /</subfield><subfield code='c'>von Christian Lambour ; Redaktion: Raimund Lang.</subfield></datafield><datafield ind1=' ' ind2=' ' tag='260'><subfield code='a'>Innsbruck :</subfield><subfield code='b'>Traditionsverband &quot;Katholische Czernowitzer Pennäler&quot;,</subfield><subfield code='c'>2014.</subfield></datafield><datafield ind1=' ' ind2=' ' tag='300'><subfield code='a'>116 p. :</subfield><subfield code='b'>many ill. (some col.), music ;</subfield><subfield code='c'>21 cm.</subfield></datafield><datafield ind1='1' ind2=' ' tag='490'><subfield code='a'>Czernowitzer kleine Schriften ;</subfield><subfield code='v'>Heft 29</subfield></datafield><datafield ind1=' ' ind2=' ' tag='504'><subfield code='a'>Includes bibliographical references and list of works.</subfield></datafield><datafield ind1='0' ind2='0' tag='505'><subfield code='t'>Ad hoc --</subfield><subfield code='t'>Herkunft --</subfield><subfield code='t'>Mandyczewski in Wien --</subfield><subfield code='t'>Erinnerungen : Zeugnisse : Berichte --</subfield><subfield code='t'>Ehrendoktor der Universität Leipzig --</subfield><subfield code='t'>Der 60. Geburtstag --</subfield><subfield code='t'>Der 70. Geburtstag --</subfield><subfield code='t'>Virginia Cysarz --</subfield><subfield code='t'>Virginia Cysarz : Erinnerungen an den Vater --</subfield><subfield code='t'>Maria von Kulmer --</subfield><subfield code='t'>Hans Gál --</subfield><subfield code='t'>Begegnungen mit Sir George Grove --</subfield><subfield code='t'>Johannes Brahms : Ernste Gesänge --</subfield><subfield code='t'>Mandyczewski-Porträt von Ludwig Michalek --</subfield><subfield code='t'>Einige Schüler von E. Mandyczewski --</subfield><subfield code='t'>Bildarchiv --</subfield><subfield code='t'>Mandyczewski im Wiener Commersbuch --</subfield><subfield code='t'>Werkverzeichnis --</subfield><subfield code='g'>Literaturnachweise --</subfield><subfield code='g'>Eine kleine Chronologie.</subfield></datafield><datafield ind1='1' ind2='0' tag='600'><subfield code='a'>Mandyczewski, Eusebius</subfield></datafield><datafield ind1=' ' ind2='0' tag='650'><subfield code='a'>Musicologists</subfield><subfield code='z'>Romania</subfield><subfield code='v'>Biography.</subfield></datafield><datafield ind1=' ' ind2='7' tag='655'><subfield code='a'>Biographies</subfield><subfield code='2'>fast</subfield></datafield><datafield ind1=' ' ind2='0' tag='830'><subfield code='a'>Czernowitzer kleine Schriften ;</subfield><subfield code='v'>Heft 29.</subfield></datafield><datafield ind1='1' ind2=' ' tag='583'><subfield code='a'>committed to retain</subfield><subfield code='c'>20181001</subfield><subfield code='d'>in perpetuity</subfield><subfield code='f'>ReCAP Shared Collection</subfield><subfield code='5'>HUL</subfield><subfield code='8'>222167655930003941</subfield></datafield><datafield ind1=' ' ind2=' ' tag='901'><subfield code='a'>28405242-e1c4-498a-aa2a-6353231a6657</subfield><subfield code='b'>25</subfield><subfield code='c'>false</subfield></datafield><datafield ind1='0' ind2=' ' tag='852'><subfield code='c'>HD</subfield><subfield code='h'>ML423.M363</subfield><subfield code='i'>L353 2014</subfield><subfield code='0'>10979670</subfield><subfield code='b'>scsbhl</subfield></datafield><datafield ind1=' ' ind2=' ' tag='876'><subfield code='0'>10979670</subfield><subfield code='a'>16691789</subfield><subfield code='h'> </subfield><subfield code='j'>Available</subfield><subfield code='k'>MUS</subfield><subfield code='p'>32044135981140</subfield><subfield code='x'>Shared</subfield><subfield code='z'>ML</subfield><subfield code='l'>HD</subfield></datafield></record>