
<record><leader>01559cam a2200337   4500</leader><controlfield tag='001'>SCSB-3890425</controlfield><controlfield tag='003'>NNC</controlfield><controlfield tag='005'>20221012204335.0</controlfield><controlfield tag='008'>800710s1912    au            000 0 ger d</controlfield><controlfield tag='009'>2614508</controlfield><datafield ind1=' ' ind2=' ' tag='035'><subfield code='a'>(OCoLC)ocm06505873</subfield></datafield><datafield ind1=' ' ind2=' ' tag='035'><subfield code='9'>AQV6661CU</subfield></datafield><datafield ind1=' ' ind2=' ' tag='035'><subfield code='a'>2614508</subfield></datafield><datafield ind1=' ' ind2=' ' tag='040'><subfield code='a'>JNA</subfield><subfield code='c'>JNA</subfield><subfield code='d'>ZCU</subfield></datafield><datafield ind1=' ' ind2=' ' tag='043'><subfield code='a'>e-au---</subfield></datafield><datafield ind1=' ' ind2='0' tag='050'><subfield code='a'>ML28.V4</subfield><subfield code='b'>G34 suppl.</subfield></datafield><datafield ind1=' ' ind2=' ' tag='090'><subfield code='a'>ML28.V4</subfield><subfield code='b'>G34</subfield></datafield><datafield ind1='2' ind2=' ' tag='110'><subfield code='a'>Gesellschaft der Musikfreunde in Wien.</subfield><subfield code='0'>http://id.loc.gov/authorities/names/n82166635</subfield></datafield><datafield ind1='1' ind2='0' tag='245'><subfield code='a'>Geschichte der K. K. Gesellschaft der musikfreunde in Wien. :</subfield><subfield code='b'>Zusatz-band zur Geschichte der K. K. Gesellschaft der musikfreunde in Wien: sammlungen und statuten /</subfield><subfield code='c'>zusammengestellt von d&apos;Eusebius Mandyczewski.</subfield></datafield><datafield ind1=' ' ind2=' ' tag='260'><subfield code='a'>Wien :</subfield><subfield code='b'>[Druck von A. Holzhausen],</subfield><subfield code='c'>1912.</subfield></datafield><datafield ind1=' ' ind2=' ' tag='300'><subfield code='a'>xvi, 264 pages :</subfield><subfield code='b'>illustrations ;</subfield><subfield code='c'>29 cm</subfield></datafield><datafield ind1=' ' ind2=' ' tag='336'><subfield code='a'>text</subfield><subfield code='b'>txt</subfield><subfield code='2'>rdacontent</subfield></datafield><datafield ind1=' ' ind2=' ' tag='337'><subfield code='a'>unmediated</subfield><subfield code='b'>n</subfield><subfield code='2'>rdamedia</subfield></datafield><datafield ind1=' ' ind2='0' tag='650'><subfield code='a'>Music</subfield><subfield code='x'>Societies, etc.</subfield><subfield code='0'>http://id.loc.gov/authorities/subjects/sh85088822</subfield></datafield><datafield ind1=' ' ind2='0' tag='650'><subfield code='a'>Music</subfield><subfield code='z'>Austria.</subfield><subfield code='0'>http://id.loc.gov/authorities/subjects/sh2003003151</subfield></datafield><datafield ind1=' ' ind2='0' tag='650'><subfield code='a'>Music</subfield><subfield code='v'>Bibliography</subfield><subfield code='v'>Catalogs.</subfield><subfield code='0'>http://id.loc.gov/authorities/subjects/sh85088776</subfield></datafield><datafield ind1=' ' ind2='0' tag='650'><subfield code='a'>Concert programs.</subfield><subfield code='0'>http://id.loc.gov/authorities/subjects/sh85030622</subfield></datafield><datafield ind1='1' ind2=' ' tag='700'><subfield code='a'>Perger, Richard von,</subfield><subfield code='d'>1854-1911.</subfield><subfield code='0'>http://id.loc.gov/authorities/names/no91022528</subfield></datafield><datafield ind1='1' ind2=' ' tag='700'><subfield code='a'>Hirschfeld, Robert,</subfield><subfield code='d'>1857-1914.</subfield><subfield code='0'>http://id.loc.gov/authorities/names/no93020139</subfield></datafield><datafield ind1='1' ind2=' ' tag='700'><subfield code='a'>Mandyczewski, Eusebius.</subfield><subfield code='0'>http://id.loc.gov/authorities/names/n84040505</subfield></datafield><datafield ind1='0' ind2='0' tag='852'><subfield code='h'>ML28.V4 G34</subfield><subfield code='0'>3899211</subfield><subfield code='b'>scsbcul</subfield></datafield><datafield ind1=' ' ind2=' ' tag='876'><subfield code='0'>3899211</subfield><subfield code='a'>5707515</subfield><subfield code='h'> </subfield><subfield code='j'>Available</subfield><subfield code='p'>CU68863055</subfield><subfield code='t'>1</subfield><subfield code='x'>Shared</subfield><subfield code='z'>CU</subfield><subfield code='l'>RECAP</subfield></datafield></record>