
<record><leader>00000nam  2200253   4500</leader><controlfield tag='001'>SCSB-8276358</controlfield><controlfield tag='005'>20060625140923.0</controlfield><controlfield tag='008'>880430s1934    nyua   j      000 1 eng dnam   </controlfield><controlfield tag='009'>.b175420658</controlfield><datafield ind1='1' ind2=' ' tag='100'><subfield code='a'>Travers, P. L.</subfield><subfield code='q'>(Pamela L.),</subfield><subfield code='d'>1906-</subfield></datafield><datafield ind1='1' ind2=' ' tag='700'><subfield code='a'>Shepard, Mary,</subfield><subfield code='d'>1909-</subfield><subfield code='e'>ill.</subfield></datafield><datafield ind1=' ' ind2=' ' tag='091'><subfield code='p'>J</subfield><subfield code='a'>FIC</subfield><subfield code='c'>TRAVERS</subfield></datafield><datafield ind1=' ' ind2='7' tag='655'><subfield code='a'>Fantasy fiction.</subfield><subfield code='2'>lcgft</subfield></datafield><datafield ind1=' ' ind2='0' tag='650'><subfield code='a'>Nannies</subfield><subfield code='v'>Fiction.</subfield></datafield><datafield ind1=' ' ind2='0' tag='650'><subfield code='a'>Magic</subfield><subfield code='v'>Fiction.</subfield></datafield><datafield ind1=' ' ind2='0' tag='651'><subfield code='a'>England</subfield><subfield code='v'>Fiction.</subfield></datafield><datafield ind1=' ' ind2=' ' tag='591'><subfield code='a'>Published also by Reynal &amp; Hitchcock.</subfield></datafield><datafield ind1=' ' ind2=' ' tag='520'><subfield code='a'>The wind brings two English children a new nanny who slides up the bannister and introduces them to some delightful people and experiences.</subfield></datafield><datafield ind1=' ' ind2=' ' tag='260'><subfield code='a'>New York :</subfield><subfield code='b'>Harcourt, Brace &amp; Co.,</subfield><subfield code='c'>c1934.</subfield></datafield><datafield ind1=' ' ind2=' ' tag='300'><subfield code='a'>206 p. ;</subfield><subfield code='c'>20 cm.</subfield></datafield><datafield ind1='1' ind2='0' tag='245'><subfield code='a'>Mary Poppins /</subfield><subfield code='c'>by P.L. Travers ; illustrated by Mary Shepard.</subfield></datafield><datafield ind1=' ' ind2=' ' tag='995'><subfield code='a'>818419</subfield></datafield><datafield ind1=' ' ind2=' ' tag='996'><subfield code='a'>886194972</subfield></datafield><datafield ind1=' ' ind2=' ' tag='040'><subfield code='c'>WSU</subfield><subfield code='d'>m.c.</subfield><subfield code='d'>ZIH</subfield><subfield code='d'>UtOrBLW</subfield></datafield><datafield ind1='0' ind2='0' tag='907'><subfield code='a'>.b175420658</subfield></datafield><datafield ind1='8' ind2=' ' tag='852'><subfield code='h'>ReCAP .b175420658</subfield><subfield code='0'>8430450</subfield><subfield code='b'>scsbnypl</subfield></datafield><datafield ind1=' ' ind2=' ' tag='876'><subfield code='0'>8430450</subfield><subfield code='a'>13802390</subfield><subfield code='j'>Available</subfield><subfield code='p'>33333182789012</subfield><subfield code='t'>1</subfield><subfield code='x'>Shared</subfield><subfield code='z'>NH</subfield><subfield code='l'>RECAP</subfield></datafield><datafield ind1=' ' ind2=' ' tag='876'><subfield code='0'>8430450</subfield><subfield code='a'>13802391</subfield><subfield code='j'>Available</subfield><subfield code='p'>33333165639374</subfield><subfield code='t'>1</subfield><subfield code='x'>Shared</subfield><subfield code='z'>NH</subfield><subfield code='l'>RECAP</subfield></datafield></record>