
<record><leader>01217nam a2200361 a 4500</leader><controlfield tag='001'>SCSB-3233094</controlfield><controlfield tag='003'>NNC</controlfield><controlfield tag='005'>20220608201148.0</controlfield><controlfield tag='008'>950424s1995    sp a     b    000 0 spa  </controlfield><controlfield tag='009'>1621875</controlfield><datafield ind1=' ' ind2=' ' tag='010'><subfield code='a'>   95145018 </subfield></datafield><datafield ind1=' ' ind2=' ' tag='020'><subfield code='a'>8478804994</subfield></datafield><datafield ind1='1' ind2=' ' tag='029'><subfield code='a'>PL#</subfield><subfield code='b'>950002972</subfield></datafield><datafield ind1=' ' ind2=' ' tag='035'><subfield code='a'>(OCoLC)ocm32820070</subfield></datafield><datafield ind1=' ' ind2=' ' tag='035'><subfield code='9'>AKN0387CU</subfield></datafield><datafield ind1=' ' ind2=' ' tag='035'><subfield code='a'>(NNC)1621875</subfield></datafield><datafield ind1=' ' ind2=' ' tag='035'><subfield code='a'>1621875</subfield></datafield><datafield ind1=' ' ind2=' ' tag='040'><subfield code='a'>DLC</subfield><subfield code='c'>DLC</subfield><subfield code='d'>PL#</subfield></datafield><datafield ind1=' ' ind2=' ' tag='043'><subfield code='a'>e-sp---</subfield></datafield><datafield ind1='0' ind2='0' tag='050'><subfield code='a'>HV6453.S8</subfield><subfield code='b'>S26 1995</subfield></datafield><datafield ind1='1' ind2=' ' tag='100'><subfield code='a'>Santos Torres, José,</subfield><subfield code='d'>1927-</subfield><subfield code='0'>http://id.loc.gov/authorities/names/n92062208</subfield></datafield><datafield ind1='1' ind2='3' tag='245'><subfield code='a'>El bandolerismo en España :</subfield><subfield code='b'>una historia fuera de la ley /</subfield><subfield code='c'>José Santos Torres.</subfield></datafield><datafield ind1=' ' ind2=' ' tag='250'><subfield code='a'>1. ed.</subfield></datafield><datafield ind1=' ' ind2=' ' tag='260'><subfield code='a'>Madrid :</subfield><subfield code='b'>Temas de Hoy,</subfield><subfield code='c'>1995.</subfield></datafield><datafield ind1=' ' ind2=' ' tag='300'><subfield code='a'>382 pages :</subfield><subfield code='b'>illustrations (some color) ;</subfield><subfield code='c'>21 cm.</subfield></datafield><datafield ind1=' ' ind2=' ' tag='336'><subfield code='a'>text</subfield><subfield code='b'>txt</subfield><subfield code='2'>rdacontent</subfield></datafield><datafield ind1=' ' ind2=' ' tag='337'><subfield code='a'>unmediated</subfield><subfield code='b'>n</subfield><subfield code='2'>rdamedia</subfield></datafield><datafield ind1='1' ind2=' ' tag='490'><subfield code='a'>Historia de la España sorprendente</subfield></datafield><datafield ind1=' ' ind2=' ' tag='504'><subfield code='a'>Includes bibliographical references (p.[375]-382).</subfield></datafield><datafield ind1=' ' ind2='0' tag='650'><subfield code='a'>Brigands and robbers</subfield><subfield code='z'>Spain</subfield><subfield code='x'>History.</subfield></datafield><datafield ind1=' ' ind2=' ' tag='653'><subfield code='a'>Bandolerismo</subfield><subfield code='a'>España</subfield><subfield code='a'>Historia.</subfield></datafield><datafield ind1=' ' ind2='0' tag='830'><subfield code='a'>Historia de la España sorprendente.</subfield><subfield code='0'>http://id.loc.gov/authorities/names/n91088721</subfield></datafield><datafield ind1=' ' ind2=' ' tag='901'><subfield code='a'>22e9a0e4-74dc-4e34-a5d0-3d214b74fb37</subfield><subfield code='b'>29</subfield><subfield code='c'>false</subfield></datafield><datafield ind1='0' ind2='0' tag='852'><subfield code='h'>HV6453.S8 S26 1995</subfield><subfield code='0'>3218886</subfield><subfield code='b'>scsbcul</subfield></datafield><datafield ind1=' ' ind2=' ' tag='876'><subfield code='0'>3218886</subfield><subfield code='a'>4919807</subfield><subfield code='h'> </subfield><subfield code='j'>Available</subfield><subfield code='p'>CU70472734</subfield><subfield code='t'>1</subfield><subfield code='x'>Open</subfield><subfield code='z'>CU</subfield><subfield code='l'>RECAP</subfield></datafield></record>