
<record><leader>00000cam  2200289Ia 4500</leader><controlfield tag='001'>SCSB-6093131</controlfield><controlfield tag='003'>OCoLC</controlfield><controlfield tag='005'>20040426080355.3</controlfield><controlfield tag='008'>030725s2003    sp            000 f spa dcamIa </controlfield><controlfield tag='009'>.b158319278</controlfield><datafield ind1='1' ind2=' ' tag='100'><subfield code='a'>Santos Torres, José,</subfield><subfield code='d'>1927-</subfield></datafield><datafield ind1=' ' ind2=' ' tag='653'><subfield code='a'>Literatura española</subfield><subfield code='a'>Novelas</subfield><subfield code='a'>Siglo XX.</subfield></datafield><datafield ind1=' ' ind2=' ' tag='653'><subfield code='a'>Novelas españolas</subfield><subfield code='a'>Siglo XX.</subfield></datafield><datafield ind1=' ' ind2=' ' tag='250'><subfield code='a'>1. ed. en española.</subfield></datafield><datafield ind1=' ' ind2=' ' tag='020'><subfield code='a'>8496074374 (pbk.)</subfield></datafield><datafield ind1=' ' ind2=' ' tag='500'><subfield code='a'>A novel.</subfield></datafield><datafield ind1=' ' ind2=' ' tag='260'><subfield code='a'>Brenes (Sevilla) :</subfield><subfield code='b'>Muñoz Moya Editor,</subfield><subfield code='c'>2003.</subfield></datafield><datafield ind1=' ' ind2=' ' tag='300'><subfield code='a'>272 p. ;</subfield><subfield code='c'>20 cm.</subfield></datafield><datafield ind1=' ' ind2='0' tag='440'><subfield code='a'>Colección Literatura.</subfield><subfield code='p'>Serie Narrativa</subfield></datafield><datafield ind1='1' ind2='3' tag='245'><subfield code='a'>El cabo de Montepalacio /</subfield><subfield code='c'>[José Santos Torres].</subfield></datafield><datafield ind1='1' ind2='4' tag='246'><subfield code='a'>Cabo de Monte-Palacio, 1872-1907</subfield></datafield><datafield ind1=' ' ind2=' ' tag='040'><subfield code='a'>PL#</subfield><subfield code='c'>PL#</subfield><subfield code='d'>GZM</subfield><subfield code='d'>OCLCQ</subfield><subfield code='d'>NYP</subfield><subfield code='d'>OCoLC</subfield></datafield><datafield ind1=' ' ind2=' ' tag='049'><subfield code='a'>NYPG</subfield></datafield><datafield ind1=' ' ind2=' ' tag='946'><subfield code='a'>m</subfield></datafield><datafield ind1=' ' ind2=' ' tag='997'><subfield code='a'>hg</subfield><subfield code='b'>04-26-04</subfield><subfield code='c'>m</subfield><subfield code='d'>a</subfield><subfield code='e'>-</subfield><subfield code='f'>spa</subfield><subfield code='g'>sp</subfield><subfield code='h'>3</subfield></datafield><datafield ind1=' ' ind2=' ' tag='910'><subfield code='a'>RL</subfield></datafield><datafield ind1='0' ind2='0' tag='907'><subfield code='a'>.b158319278</subfield></datafield><datafield ind1=' ' ind2=' ' tag='035'><subfield code='a'>(OCoLC)52910838</subfield></datafield><datafield ind1=' ' ind2=' ' tag='901'><subfield code='a'>ad7c67d0-3bc4-46c4-802b-e48ff58817e2</subfield><subfield code='b'>25</subfield><subfield code='c'>false</subfield></datafield><datafield ind1='8' ind2=' ' tag='852'><subfield code='h'>JFD 04-6402</subfield><subfield code='0'>6113158</subfield><subfield code='b'>scsbnypl</subfield></datafield><datafield ind1=' ' ind2=' ' tag='876'><subfield code='0'>6113158</subfield><subfield code='a'>10055831</subfield><subfield code='j'>Available</subfield><subfield code='p'>33433059552186</subfield><subfield code='t'>1</subfield><subfield code='x'>Open</subfield><subfield code='z'>NA</subfield><subfield code='l'>RECAP</subfield></datafield></record>