
<record><leader>01061cam a2200325Ia 4500</leader><controlfield tag='001'>SCSB-4834837</controlfield><controlfield tag='003'>NNC</controlfield><controlfield tag='005'>20221027054224.0</controlfield><controlfield tag='008'>030725s2003    sp            000 f spa d</controlfield><controlfield tag='009'>4202659</controlfield><datafield ind1=' ' ind2=' ' tag='020'><subfield code='a'>8496074374 (pbk.)</subfield></datafield><datafield ind1=' ' ind2=' ' tag='035'><subfield code='a'>(NNC)4202659</subfield></datafield><datafield ind1=' ' ind2=' ' tag='035'><subfield code='a'>(OCoLC)ocm52910838</subfield></datafield><datafield ind1=' ' ind2=' ' tag='035'><subfield code='a'>4202659</subfield></datafield><datafield ind1=' ' ind2=' ' tag='040'><subfield code='a'>PL#</subfield><subfield code='c'>PL#</subfield><subfield code='d'>GZM</subfield><subfield code='d'>OCLCQ</subfield></datafield><datafield ind1=' ' ind2=' ' tag='090'><subfield code='a'>PQ6669.A678</subfield><subfield code='b'>C3 2003</subfield></datafield><datafield ind1='1' ind2=' ' tag='100'><subfield code='a'>Santos Torres, José,</subfield><subfield code='d'>1927-</subfield><subfield code='0'>http://id.loc.gov/authorities/names/n92062208</subfield></datafield><datafield ind1='1' ind2='3' tag='245'><subfield code='a'>El cabo de Montepalacio /</subfield><subfield code='c'>[José Santos Torres].</subfield></datafield><datafield ind1='1' ind2='4' tag='246'><subfield code='a'>Cabo de Monte-Palacio, 1872-1907</subfield></datafield><datafield ind1=' ' ind2=' ' tag='250'><subfield code='a'>1. ed. en española.</subfield></datafield><datafield ind1=' ' ind2=' ' tag='260'><subfield code='a'>Brenes (Sevilla) :</subfield><subfield code='b'>Muñoz Moya Editor,</subfield><subfield code='c'>2003.</subfield></datafield><datafield ind1=' ' ind2=' ' tag='300'><subfield code='a'>272 pages ;</subfield><subfield code='c'>20 cm.</subfield></datafield><datafield ind1=' ' ind2=' ' tag='336'><subfield code='a'>text</subfield><subfield code='b'>txt</subfield><subfield code='2'>rdacontent</subfield></datafield><datafield ind1=' ' ind2=' ' tag='337'><subfield code='a'>unmediated</subfield><subfield code='b'>n</subfield><subfield code='2'>rdamedia</subfield></datafield><datafield ind1='1' ind2=' ' tag='490'><subfield code='a'>Colección Literatura. Serie Narrativa</subfield></datafield><datafield ind1=' ' ind2=' ' tag='500'><subfield code='a'>A novel.</subfield></datafield><datafield ind1=' ' ind2=' ' tag='653'><subfield code='a'>Literatura española</subfield><subfield code='a'>Novelas</subfield><subfield code='a'>Siglo XX.</subfield></datafield><datafield ind1=' ' ind2=' ' tag='653'><subfield code='a'>Novelas españolas</subfield><subfield code='a'>Siglo XX.</subfield></datafield><datafield ind1=' ' ind2='0' tag='830'><subfield code='a'>Colección Literatura.</subfield><subfield code='p'>Serie Narrativa.</subfield></datafield><datafield ind1=' ' ind2=' ' tag='901'><subfield code='a'>ad7c67d0-3bc4-46c4-802b-e48ff58817e2</subfield><subfield code='b'>25</subfield><subfield code='c'>false</subfield></datafield><datafield ind1='0' ind2='0' tag='852'><subfield code='h'>PQ6669.A673 C3 2003g</subfield><subfield code='0'>4844920</subfield><subfield code='b'>scsbcul</subfield></datafield><datafield ind1=' ' ind2=' ' tag='876'><subfield code='0'>4844920</subfield><subfield code='a'>7328890</subfield><subfield code='h'> </subfield><subfield code='j'>Available</subfield><subfield code='p'>CU71159630</subfield><subfield code='t'>1</subfield><subfield code='x'>Shared</subfield><subfield code='z'>CU</subfield><subfield code='l'>RECAP</subfield></datafield></record>