
<record><leader>00000cam  2200289 a 4500</leader><controlfield tag='001'>SCSB-9522340</controlfield><controlfield tag='003'>OCoLC</controlfield><controlfield tag='005'>20010126123122.3</controlfield><controlfield tag='008'>990223s1998    sp            000 f spa ccam a </controlfield><controlfield tag='009'>.b142620142</controlfield><datafield ind1='1' ind2=' ' tag='100'><subfield code='a'>Santos Torres, José,</subfield><subfield code='d'>1927-</subfield></datafield><datafield ind1=' ' ind2=' ' tag='020'><subfield code='a'>8481081736</subfield></datafield><datafield ind1='8' ind2=' ' tag='586'><subfield code='a'>&quot;4o Premio del VII Certamen de Novela Corta &apos;Villa de Olula del Río&apos;&quot;.</subfield></datafield><datafield ind1=' ' ind2=' ' tag='260'><subfield code='a'>[Almería] :</subfield><subfield code='b'>Instituto de Estudios Almerienses, Diputación de Almería,</subfield><subfield code='c'>1998.</subfield></datafield><datafield ind1=' ' ind2=' ' tag='300'><subfield code='a'>88 p. ;</subfield><subfield code='c'>21 cm.</subfield></datafield><datafield ind1='1' ind2=' ' tag='490'><subfield code='a'>Creación literaria ;</subfield><subfield code='v'>6.</subfield><subfield code='a'>Narrativa</subfield></datafield><datafield ind1=' ' ind2='0' tag='830'><subfield code='a'>Creación literaria (Instituto de Estudios Almerienses) ;</subfield><subfield code='v'>6.</subfield></datafield><datafield ind1=' ' ind2='0' tag='830'><subfield code='a'>Creación literaria (Instituto de Estudios Almerienses).</subfield><subfield code='p'>Narrativa.</subfield></datafield><datafield ind1='1' ind2='0' tag='245'><subfield code='a'>Entre el recuerdo y la esperanza /</subfield><subfield code='c'>José Santos Torres.</subfield></datafield><datafield ind1=' ' ind2=' ' tag='040'><subfield code='a'>I5B</subfield><subfield code='b'>spa</subfield><subfield code='c'>I5B</subfield><subfield code='d'>IQU</subfield><subfield code='d'>NYP</subfield><subfield code='d'>WaOLN</subfield></datafield><datafield ind1=' ' ind2=' ' tag='042'><subfield code='a'>pcc</subfield></datafield><datafield ind1=' ' ind2=' ' tag='049'><subfield code='a'>NYPG</subfield></datafield><datafield ind1=' ' ind2='4' tag='050'><subfield code='a'>PQ6669.A6768</subfield><subfield code='b'>E57 1998</subfield></datafield><datafield ind1=' ' ind2='4' tag='908'><subfield code='a'>PQ6669.A6768</subfield><subfield code='b'>E57 1998</subfield></datafield><datafield ind1=' ' ind2=' ' tag='946'><subfield code='a'>m</subfield></datafield><datafield ind1=' ' ind2=' ' tag='997'><subfield code='a'>hg</subfield><subfield code='b'>01-29-01</subfield><subfield code='c'>m</subfield><subfield code='d'>a</subfield><subfield code='e'>-</subfield><subfield code='f'>spa</subfield><subfield code='g'>sp</subfield><subfield code='h'>0</subfield></datafield><datafield ind1=' ' ind2=' ' tag='910'><subfield code='a'>RL</subfield></datafield><datafield ind1='0' ind2='0' tag='907'><subfield code='a'>.b142620142</subfield></datafield><datafield ind1=' ' ind2=' ' tag='035'><subfield code='a'>(OCoLC)40913201</subfield></datafield><datafield ind1=' ' ind2=' ' tag='901'><subfield code='a'>25fd1587-14be-471d-a5b2-83044af07b01</subfield><subfield code='b'>17</subfield><subfield code='c'>false</subfield></datafield><datafield ind1='8' ind2=' ' tag='852'><subfield code='h'>JFD 01-1268</subfield><subfield code='0'>10098518</subfield><subfield code='b'>scsbnypl</subfield></datafield><datafield ind1=' ' ind2=' ' tag='876'><subfield code='0'>10098518</subfield><subfield code='a'>15810044</subfield><subfield code='h'>In Library Use</subfield><subfield code='j'>Available</subfield><subfield code='p'>33433042483168</subfield><subfield code='t'>1</subfield><subfield code='x'>Shared</subfield><subfield code='z'>NA</subfield><subfield code='l'>RECAP</subfield></datafield></record>