
<record><leader>00000cam a2200253 a 4500</leader><controlfield tag='001'>SCSB-12297101</controlfield><controlfield tag='005'>20050429131359.0</controlfield><controlfield tag='008'>990729s1998    sp           s000 1 spa  </controlfield><controlfield tag='009'>990082085730203941</controlfield><datafield ind1=' ' ind2=' ' tag='010'><subfield code='a'>^^^99231087^</subfield></datafield><datafield ind1=' ' ind2=' ' tag='020'><subfield code='a'>8481081736</subfield></datafield><datafield ind1=' ' ind2=' ' tag='035'><subfield code='a'>(OCoLC)52798924</subfield><subfield code='z'>(OCoLC)40913201</subfield><subfield code='z'>(OCoLC)1467479519</subfield></datafield><datafield ind1=' ' ind2=' ' tag='040'><subfield code='a'>DLC</subfield><subfield code='c'>DLC</subfield></datafield><datafield ind1='0' ind2='0' tag='050'><subfield code='a'>PQ6669.A6768</subfield><subfield code='b'>E68 1998</subfield></datafield><datafield ind1='0' ind2='0' tag='082'><subfield code='a'>863/.64</subfield><subfield code='2'>22</subfield></datafield><datafield ind1='1' ind2=' ' tag='100'><subfield code='a'>Santos Torres, José,</subfield><subfield code='d'>1927-</subfield></datafield><datafield ind1='1' ind2='0' tag='245'><subfield code='a'>Entre el recuerdo y la esperanza /</subfield><subfield code='c'>José Santos Torres.</subfield></datafield><datafield ind1=' ' ind2=' ' tag='260'><subfield code='a'>[Almería, Spain] :</subfield><subfield code='b'>Instituto de Estudios Almerienses, Diputación de Almería,</subfield><subfield code='c'>1998.</subfield></datafield><datafield ind1=' ' ind2=' ' tag='300'><subfield code='a'>88 p. ;</subfield><subfield code='c'>21 cm.</subfield></datafield><datafield ind1='1' ind2=' ' tag='490'><subfield code='a'>Creación literaria ;</subfield><subfield code='v'>6.</subfield><subfield code='a'>Narrativa</subfield></datafield><datafield ind1='0' ind2='8' tag='776'><subfield code='i'>Online version:</subfield><subfield code='a'>Santos Torres, José, 1927-</subfield><subfield code='t'>Entre el recuerdo y la esperanza.</subfield><subfield code='d'>[Almería, Spain] : Instituto de Estudios Almerienses, Diputación de Almería, 1998</subfield><subfield code='w'>(OCoLC)1179487146</subfield></datafield><datafield ind1=' ' ind2='0' tag='830'><subfield code='a'>Creación literaria (Instituto de Estudios Almerienses) ;</subfield><subfield code='v'>6.</subfield></datafield><datafield ind1=' ' ind2='0' tag='830'><subfield code='a'>Creación literaria (Instituto de Estudios Almerienses).</subfield><subfield code='p'>Narrativa.</subfield></datafield><datafield ind1=' ' ind2=' ' tag='901'><subfield code='a'>25fd1587-14be-471d-a5b2-83044af07b01</subfield><subfield code='b'>17</subfield><subfield code='c'>false</subfield></datafield><datafield ind1='0' ind2=' ' tag='852'><subfield code='c'>HD</subfield><subfield code='h'>PQ6669.A6768</subfield><subfield code='i'>E68 1998</subfield><subfield code='0'>13131033</subfield><subfield code='b'>scsbhl</subfield></datafield><datafield ind1=' ' ind2=' ' tag='876'><subfield code='0'>13131033</subfield><subfield code='a'>18934566</subfield><subfield code='h'> </subfield><subfield code='j'>Available</subfield><subfield code='k'>WID</subfield><subfield code='p'>HXSYZS</subfield><subfield code='x'>Open</subfield><subfield code='z'>HW</subfield><subfield code='l'>HD</subfield></datafield></record>