
<record><leader>01622cam a2200385 i 4500</leader><controlfield tag='001'>SCSB-8751050</controlfield><controlfield tag='003'>OCoLC</controlfield><controlfield tag='005'>20061211060307.9</controlfield><controlfield tag='008'>751003r19731965mdub         f001 0aeng  </controlfield><controlfield tag='009'>.b164756978</controlfield><datafield ind1=' ' ind2=' ' tag='010'><subfield code='a'>74602843</subfield></datafield><datafield ind1='7' ind2=' ' tag='016'><subfield code='a'>100901619</subfield><subfield code='2'>DNLM</subfield></datafield><datafield ind1=' ' ind2=' ' tag='040'><subfield code='a'>DLC</subfield><subfield code='c'>DLC</subfield><subfield code='d'>NLM</subfield><subfield code='d'>OCLCQ</subfield><subfield code='d'>BTCTA</subfield><subfield code='d'>NYP</subfield><subfield code='d'>UtOrBLW</subfield></datafield><datafield ind1=' ' ind2=' ' tag='043'><subfield code='a'>ponn---</subfield><subfield code='a'>n-us---</subfield></datafield><datafield ind1=' ' ind2=' ' tag='049'><subfield code='a'>NYPP</subfield></datafield><datafield ind1='0' ind2='0' tag='050'><subfield code='a'>DU760</subfield><subfield code='b'>.G3 1973</subfield></datafield><datafield ind1='0' ind2='0' tag='060'><subfield code='a'>WZ 100</subfield><subfield code='b'>G1452jc 1973</subfield></datafield><datafield ind1='0' ind2='0' tag='082'><subfield code='a'>919.3/4/040924</subfield></datafield><datafield ind1='0' ind2=' ' tag='086'><subfield code='a'>HE 20.3502:N42h</subfield></datafield><datafield ind1='1' ind2=' ' tag='100'><subfield code='a'>Gajdusek, D. Carleton</subfield><subfield code='q'>(Daniel Carleton),</subfield><subfield code='d'>1923-</subfield></datafield><datafield ind1='1' ind2='0' tag='245'><subfield code='a'>Journal of a trip to the Shepherd, Banks, and Torres Islands and to Espiritu Santo and Efate in the New Hebrides, November 15, 1963, to December 25, 1963 /</subfield><subfield code='c'>D. Carleton Gajdusek.</subfield></datafield><datafield ind1=' ' ind2=' ' tag='260'><subfield code='a'>Bethesda, Md. :</subfield><subfield code='b'>Study of Child Growth and Development and Disease Patterns in Primitive Cultures, National Institute of Neurological Diseases and Blindness, National Institutes of Health,</subfield><subfield code='c'>1973.</subfield></datafield><datafield ind1=' ' ind2=' ' tag='300'><subfield code='a'>108 p. :</subfield><subfield code='b'>map ;</subfield><subfield code='c'>28 cm.</subfield></datafield><datafield ind1=' ' ind2=' ' tag='500'><subfield code='a'>Reprint, with new indexes, of the 1965 ed.</subfield></datafield><datafield ind1=' ' ind2=' ' tag='500'><subfield code='a'>Includes index.</subfield></datafield><datafield ind1='1' ind2='0' tag='600'><subfield code='a'>Gajdusek, D. Carleton</subfield><subfield code='q'>(Daniel Carleton),</subfield><subfield code='d'>1923-</subfield><subfield code='v'>Diaries.</subfield></datafield><datafield ind1=' ' ind2='0' tag='651'><subfield code='a'>Vanuatu</subfield><subfield code='x'>Description and travel.</subfield></datafield><datafield ind1=' ' ind2='0' tag='650'><subfield code='a'>Medical geography</subfield><subfield code='z'>Vanuatu.</subfield></datafield><datafield ind1=' ' ind2='0' tag='650'><subfield code='a'>Virologists</subfield><subfield code='z'>United States</subfield><subfield code='v'>Diaries.</subfield></datafield><datafield ind1='0' ind2=' ' tag='740'><subfield code='a'>Journal of a trip to the Shepherd, Banks, and Torres Islands ...</subfield></datafield><datafield ind1=' ' ind2=' ' tag='907'><subfield code='a'>.b164756978</subfield><subfield code='c'>m</subfield><subfield code='d'>a</subfield><subfield code='e'>-</subfield><subfield code='f'>eng</subfield><subfield code='g'>mdu</subfield><subfield code='h'>0</subfield><subfield code='i'>1</subfield></datafield><datafield ind1=' ' ind2=' ' tag='035'><subfield code='a'>(OCoLC)1143496</subfield></datafield><datafield ind1='8' ind2=' ' tag='852'><subfield code='h'>JSF 06-780</subfield><subfield code='0'>8912276</subfield><subfield code='b'>scsbnypl</subfield></datafield><datafield ind1=' ' ind2=' ' tag='876'><subfield code='0'>8912276</subfield><subfield code='a'>14484776</subfield><subfield code='j'>Available</subfield><subfield code='p'>33433070768084</subfield><subfield code='t'>1</subfield><subfield code='x'>Shared</subfield><subfield code='z'>NA</subfield><subfield code='l'>RECAP</subfield></datafield></record>