
<record><leader>01381cam a2200313u  4500</leader><controlfield tag='001'>SCSB-8777517</controlfield><controlfield tag='003'>OCoLC</controlfield><controlfield tag='005'>20111006114556.0</controlfield><controlfield tag='008'>711108s1965    mdu           000 0 eng  </controlfield><controlfield tag='009'>.b19328490x</controlfield><datafield ind1=' ' ind2=' ' tag='010'><subfield code='a'>   76261838</subfield></datafield><datafield ind1='7' ind2=' ' tag='016'><subfield code='a'>0043342</subfield><subfield code='2'>DNLM</subfield></datafield><datafield ind1=' ' ind2=' ' tag='040'><subfield code='a'>DLC</subfield><subfield code='c'>DLC</subfield><subfield code='d'>NLM</subfield><subfield code='d'>NYP</subfield></datafield><datafield ind1=' ' ind2=' ' tag='043'><subfield code='a'>ponn---</subfield></datafield><datafield ind1=' ' ind2=' ' tag='049'><subfield code='a'>NYPP</subfield></datafield><datafield ind1='0' ind2='0' tag='050'><subfield code='a'>DU760</subfield><subfield code='b'>.G3</subfield></datafield><datafield ind1='0' ind2='0' tag='060'><subfield code='a'>WZ 100</subfield><subfield code='b'>G1452je 1965</subfield></datafield><datafield ind1='0' ind2='0' tag='082'><subfield code='a'>919.3/4/033</subfield></datafield><datafield ind1='1' ind2=' ' tag='100'><subfield code='a'>Gajdusek, D. Carleton</subfield><subfield code='q'>(Daniel Carleton),</subfield><subfield code='d'>1923-2008.</subfield></datafield><datafield ind1='1' ind2='0' tag='245'><subfield code='a'>Journal of a trip to the Shepherd, Banks, and Torres Islands, and to Espiritu Santo, and Efate in the New Hebrides, November 15, 1963 to December 24, 1963 /</subfield><subfield code='c'>[by] D. Carleton Gajdusek.</subfield></datafield><datafield ind1=' ' ind2=' ' tag='260'><subfield code='a'>Bethesda, Md. :</subfield><subfield code='b'>Study of Child Growth and Development and Disease Patterns in Primitive Cultures, National Institute of Neurological Diseases and Blindness, National Institutes of Health,</subfield><subfield code='c'>1965.</subfield></datafield><datafield ind1=' ' ind2=' ' tag='300'><subfield code='a'>91 p.</subfield><subfield code='c'>28 cm.</subfield></datafield><datafield ind1=' ' ind2='0' tag='651'><subfield code='a'>Vanuatu</subfield><subfield code='x'>Description and travel.</subfield></datafield><datafield ind1=' ' ind2='0' tag='650'><subfield code='a'>Tropical medicine</subfield><subfield code='z'>Vanuatu.</subfield></datafield><datafield ind1='2' ind2=' ' tag='710'><subfield code='a'>National Institute of Neurological Diseases and Blindness (U.S.).</subfield><subfield code='b'>Study of Child Growth and Development and Disease Patterns in Primitive Cultures.</subfield></datafield><datafield ind1=' ' ind2=' ' tag='907'><subfield code='a'>.b19328490x</subfield><subfield code='c'>m</subfield><subfield code='d'>a</subfield><subfield code='e'>-</subfield><subfield code='f'>eng</subfield><subfield code='g'>mdu</subfield><subfield code='h'>0</subfield><subfield code='i'>1</subfield></datafield><datafield ind1=' ' ind2=' ' tag='035'><subfield code='a'>(OCoLC)211769</subfield></datafield><datafield ind1=' ' ind2=' ' tag='901'><subfield code='a'>49abac11-0102-490f-ab1d-9f3754323555</subfield><subfield code='b'>13</subfield><subfield code='c'>false</subfield></datafield><datafield ind1='8' ind2=' ' tag='852'><subfield code='h'>JSF 06-797</subfield><subfield code='0'>8939349</subfield><subfield code='b'>scsbnypl</subfield></datafield><datafield ind1=' ' ind2=' ' tag='876'><subfield code='0'>8939349</subfield><subfield code='a'>14516802</subfield><subfield code='j'>Available</subfield><subfield code='p'>33433073743035</subfield><subfield code='t'>1</subfield><subfield code='x'>Open</subfield><subfield code='z'>NA</subfield><subfield code='l'>RECAP</subfield></datafield></record>