
<record><leader>01371cam a22003131  4500</leader><controlfield tag='001'>SCSB-4765240</controlfield><controlfield tag='003'>NNC</controlfield><controlfield tag='005'>20221027022252.0</controlfield><controlfield tag='008'>711108s1965    mdu           000 0 eng  </controlfield><controlfield tag='009'>4032460</controlfield><datafield ind1=' ' ind2=' ' tag='010'><subfield code='a'>   76261838 </subfield></datafield><datafield ind1=' ' ind2=' ' tag='035'><subfield code='a'>(OCoLC)ocm00211769</subfield></datafield><datafield ind1=' ' ind2=' ' tag='035'><subfield code='9'>AKA0354HS</subfield></datafield><datafield ind1=' ' ind2=' ' tag='035'><subfield code='a'>(NNC)4032460</subfield></datafield><datafield ind1=' ' ind2=' ' tag='035'><subfield code='a'>4032460</subfield></datafield><datafield ind1=' ' ind2=' ' tag='040'><subfield code='a'>DLC</subfield><subfield code='c'>DLC</subfield><subfield code='d'>ZCH</subfield></datafield><datafield ind1=' ' ind2=' ' tag='043'><subfield code='a'>ponn---</subfield></datafield><datafield ind1='0' ind2='0' tag='050'><subfield code='a'>DU760</subfield><subfield code='b'>.G3</subfield></datafield><datafield ind1='0' ind2=' ' tag='082'><subfield code='a'>919.3/4/033</subfield></datafield><datafield ind1='1' ind2=' ' tag='100'><subfield code='a'>Gajdusek, D. Carleton</subfield><subfield code='q'>(Daniel Carleton),</subfield><subfield code='d'>1923-2008.</subfield><subfield code='0'>http://id.loc.gov/authorities/names/n79145415</subfield></datafield><datafield ind1='1' ind2='0' tag='245'><subfield code='a'>Journal of a trip to the Shepherd, Banks, and Torres Islands, and to Espiritu Santo, and Efate in the New Hebrides, November 15, 1963 to December 24, 1963 /</subfield><subfield code='c'>[by] D. Carleton Gajdusek.</subfield></datafield><datafield ind1=' ' ind2=' ' tag='260'><subfield code='a'>Bethesda, Md. :</subfield><subfield code='b'>Study of Child Growth and Development and Disease Patterns in Primitive Cultures, National Institute of Neurological Diseases and Blindness,</subfield><subfield code='c'>1965.</subfield></datafield><datafield ind1=' ' ind2=' ' tag='300'><subfield code='a'>91 pages ;</subfield><subfield code='c'>28 cm</subfield></datafield><datafield ind1=' ' ind2=' ' tag='336'><subfield code='a'>text</subfield><subfield code='b'>txt</subfield><subfield code='2'>rdacontent</subfield></datafield><datafield ind1=' ' ind2=' ' tag='337'><subfield code='a'>unmediated</subfield><subfield code='b'>n</subfield><subfield code='2'>rdamedia</subfield></datafield><datafield ind1=' ' ind2='0' tag='651'><subfield code='a'>Vanuatu</subfield><subfield code='x'>Description and travel.</subfield></datafield><datafield ind1=' ' ind2='0' tag='650'><subfield code='a'>Tropical medicine</subfield><subfield code='z'>Vanuatu.</subfield></datafield><datafield ind1='2' ind2=' ' tag='710'><subfield code='a'>National Institute of Neurological Diseases and Blindness (U.S.).</subfield><subfield code='b'>Study of Child Growth and Development and Disease Patterns in Primitive Cultures.</subfield><subfield code='0'>http://id.loc.gov/authorities/names/n50064776</subfield></datafield><datafield ind1=' ' ind2=' ' tag='901'><subfield code='a'>49abac11-0102-490f-ab1d-9f3754323555</subfield><subfield code='b'>13</subfield><subfield code='c'>false</subfield></datafield><datafield ind1='0' ind2='0' tag='852'><subfield code='h'>RC961 .G124 1965</subfield><subfield code='0'>4773942</subfield><subfield code='b'>scsbcul</subfield></datafield><datafield ind1=' ' ind2=' ' tag='876'><subfield code='0'>4773942</subfield><subfield code='a'>7138475</subfield><subfield code='h'> </subfield><subfield code='j'>Available</subfield><subfield code='p'>HS65166108</subfield><subfield code='t'>1</subfield><subfield code='x'>Shared</subfield><subfield code='z'>HS</subfield><subfield code='l'>RECAP</subfield></datafield></record>