
<record><leader>01418nam a2200385 a 4500</leader><controlfield tag='001'>SCSB-3680075</controlfield><controlfield tag='003'>NNC</controlfield><controlfield tag='005'>20220616012828.0</controlfield><controlfield tag='008'>981005s1997    sp af    b    000 0 spa c</controlfield><controlfield tag='009'>2292781</controlfield><datafield ind1=' ' ind2=' ' tag='020'><subfield code='a'>8460565459</subfield></datafield><datafield ind1=' ' ind2=' ' tag='020'><subfield code='z'>60565459</subfield></datafield><datafield ind1='0' ind2=' ' tag='029'><subfield code='a'>PL#</subfield><subfield code='b'>980016940</subfield></datafield><datafield ind1=' ' ind2=' ' tag='035'><subfield code='a'>(OCoLC)ocm40106474</subfield></datafield><datafield ind1=' ' ind2=' ' tag='035'><subfield code='9'>APE3069CU</subfield></datafield><datafield ind1=' ' ind2=' ' tag='035'><subfield code='a'>(NNC)2292781</subfield></datafield><datafield ind1=' ' ind2=' ' tag='035'><subfield code='a'>2292781</subfield></datafield><datafield ind1=' ' ind2=' ' tag='040'><subfield code='a'>PL#</subfield><subfield code='b'>spa</subfield><subfield code='c'>PL#</subfield><subfield code='d'>ZCU</subfield></datafield><datafield ind1=' ' ind2=' ' tag='042'><subfield code='a'>pcc</subfield></datafield><datafield ind1=' ' ind2=' ' tag='043'><subfield code='a'>e-sp---</subfield></datafield><datafield ind1=' ' ind2='4' tag='050'><subfield code='a'>NA3705</subfield></datafield><datafield ind1='1' ind2=' ' tag='100'><subfield code='a'>Pérez Montoya, Carlos.</subfield><subfield code='0'>http://id.loc.gov/authorities/names/n99051744</subfield></datafield><datafield ind1='1' ind2='4' tag='245'><subfield code='a'>Las columnas de cerámica vidriada de la torre de Santo Tome de Toledo /</subfield><subfield code='c'>por Carlos Pérez Montoya.</subfield></datafield><datafield ind1='1' ind2='5' tag='246'><subfield code='a'>Columnas vidriadas de la Iglesia de Santo Tome</subfield></datafield><datafield ind1=' ' ind2=' ' tag='260'><subfield code='a'>Valderromán :</subfield><subfield code='b'>Ediciones de Valderromán,</subfield><subfield code='c'>1997.</subfield></datafield><datafield ind1=' ' ind2=' ' tag='300'><subfield code='a'>48 pages, 7 leaves of plates :</subfield><subfield code='b'>color illustrations ;</subfield><subfield code='c'>21 cm</subfield></datafield><datafield ind1=' ' ind2=' ' tag='336'><subfield code='a'>text</subfield><subfield code='b'>txt</subfield><subfield code='2'>rdacontent</subfield></datafield><datafield ind1=' ' ind2=' ' tag='337'><subfield code='a'>unmediated</subfield><subfield code='b'>n</subfield><subfield code='2'>rdamedia</subfield></datafield><datafield ind1=' ' ind2=' ' tag='504'><subfield code='a'>Includes bibliographical references (p. 42-48).</subfield></datafield><datafield ind1=' ' ind2='0' tag='650'><subfield code='a'>Ceramics in architecture</subfield><subfield code='z'>Spain</subfield><subfield code='z'>Toledo.</subfield></datafield><datafield ind1='2' ind2='0' tag='610'><subfield code='a'>Santo Tomé de Toledo (Church)</subfield><subfield code='0'>http://id.loc.gov/authorities/names/n99051746</subfield></datafield><datafield ind1=' ' ind2='0' tag='650'><subfield code='a'>Architecture, Mudéjar</subfield><subfield code='z'>Spain</subfield><subfield code='z'>Toledo.</subfield></datafield><datafield ind1=' ' ind2='0' tag='650'><subfield code='a'>Decoration and ornament, Mudéjar</subfield><subfield code='z'>Spain</subfield><subfield code='z'>Toledo.</subfield></datafield><datafield ind1=' ' ind2=' ' tag='653'><subfield code='a'>Parroquia de Santo Tomé (Toledo, España).</subfield></datafield><datafield ind1=' ' ind2=' ' tag='653'><subfield code='a'>Cerámica antigua</subfield><subfield code='a'>Toledo (España).</subfield></datafield><datafield ind1='8' ind2='0' tag='852'><subfield code='h'>AA3705 P415</subfield><subfield code='0'>3685638</subfield><subfield code='b'>scsbcul</subfield></datafield><datafield ind1=' ' ind2=' ' tag='876'><subfield code='0'>3685638</subfield><subfield code='a'>5476606</subfield><subfield code='h'>In Library Use</subfield><subfield code='j'>Available</subfield><subfield code='p'>AR65703677</subfield><subfield code='t'>1</subfield><subfield code='x'>Shared</subfield><subfield code='z'>AR</subfield><subfield code='l'>RECAP</subfield></datafield></record>