
<record><leader>02103cam a2200481 i 4500</leader><controlfield tag='001'>SCSB-9651136</controlfield><controlfield tag='003'>NNC</controlfield><controlfield tag='005'>20240625192155.0</controlfield><controlfield tag='008'>190905e201812  po a     b    000 0dpor d</controlfield><controlfield tag='009'>14618266</controlfield><datafield ind1=' ' ind2=' ' tag='020'><subfield code='a'>9789898867490 :</subfield><subfield code='c'>25.00 EUR</subfield></datafield><datafield ind1=' ' ind2=' ' tag='035'><subfield code='a'>(OCoLC)1127255325</subfield></datafield><datafield ind1=' ' ind2=' ' tag='035'><subfield code='a'>(ItFiC)it 19306814</subfield></datafield><datafield ind1=' ' ind2=' ' tag='035'><subfield code='a'>14618266</subfield></datafield><datafield ind1=' ' ind2=' ' tag='040'><subfield code='a'>ItFiC</subfield><subfield code='b'>eng</subfield><subfield code='e'>rda</subfield><subfield code='c'>ItFiC</subfield></datafield><datafield ind1=' ' ind2=' ' tag='043'><subfield code='a'>e-po---</subfield></datafield><datafield ind1='0' ind2='0' tag='050'><subfield code='a'>DP802.T58</subfield><subfield code='b'>Q56 2018</subfield></datafield><datafield ind1='0' ind2='0' tag='245'><subfield code='a'>Quinta da Torre de Santo António :</subfield><subfield code='b'>das origens à actualidade /</subfield><subfield code='c'>coordenação de José João Loureiro.</subfield></datafield><datafield ind1=' ' ind2=' ' tag='250'><subfield code='a'>1a edição.</subfield></datafield><datafield ind1=' ' ind2='1' tag='264'><subfield code='a'>Lisboa :</subfield><subfield code='b'>Edições ExLibris,</subfield><subfield code='c'>dezembro, 2018.</subfield></datafield><datafield ind1=' ' ind2=' ' tag='300'><subfield code='a'>107 pages :</subfield><subfield code='b'>illustrations (chiefly color) ;</subfield><subfield code='c'>27 cm</subfield></datafield><datafield ind1=' ' ind2=' ' tag='336'><subfield code='a'>text</subfield><subfield code='b'>txt</subfield><subfield code='2'>rdacontent</subfield></datafield><datafield ind1=' ' ind2=' ' tag='336'><subfield code='a'>still image</subfield><subfield code='b'>sti</subfield><subfield code='2'>rdacontent</subfield></datafield><datafield ind1=' ' ind2=' ' tag='337'><subfield code='a'>unmediated</subfield><subfield code='b'>n</subfield><subfield code='2'>rdamedia</subfield></datafield><datafield ind1=' ' ind2=' ' tag='338'><subfield code='a'>volume</subfield><subfield code='b'>nc</subfield><subfield code='2'>rdacarrier</subfield></datafield><datafield ind1=' ' ind2=' ' tag='504'><subfield code='a'>Includes bibliographical references.</subfield></datafield><datafield ind1=' ' ind2='0' tag='651'><subfield code='a'>Torres Novas (Portugal)</subfield><subfield code='x'>History.</subfield></datafield><datafield ind1='2' ind2='0' tag='610'><subfield code='a'>Quinta da Torre de Santo António (Torres Novas, Portugal)</subfield></datafield><datafield ind1=' ' ind2='0' tag='650'><subfield code='a'>Palaces</subfield><subfield code='z'>Portugal</subfield><subfield code='z'>Torres Novas</subfield><subfield code='x'>History.</subfield></datafield><datafield ind1=' ' ind2='0' tag='651'><subfield code='a'>Torres Novas (Portugal)</subfield><subfield code='x'>Buildings, structures, etc.</subfield></datafield><datafield ind1='1' ind2=' ' tag='700'><subfield code='a'>Loureiro, José João,</subfield><subfield code='e'>editor.</subfield><subfield code='4'>http://id.loc.gov/vocabulary/relators/edt</subfield><subfield code='0'>http://id.loc.gov/authorities/names/no2016107424</subfield></datafield><datafield ind1=' ' ind2=' ' tag='901'><subfield code='a'>63155409-9687-4783-adb3-643c6635b1e4</subfield><subfield code='b'>25</subfield><subfield code='c'>false</subfield></datafield><datafield ind1='0' ind2='0' tag='852'><subfield code='h'>DP802.T58 Q56 2018</subfield><subfield code='0'>10248864</subfield><subfield code='b'>scsbcul</subfield></datafield><datafield ind1=' ' ind2=' ' tag='876'><subfield code='0'>10248864</subfield><subfield code='a'>15990398</subfield><subfield code='h'>In Library Use</subfield><subfield code='j'>Available</subfield><subfield code='p'>AR02541963</subfield><subfield code='t'>1</subfield><subfield code='x'>Shared</subfield><subfield code='z'>AR</subfield><subfield code='l'>RECAP</subfield></datafield></record>