
<record><leader>01665cam a22004334a 4500</leader><controlfield tag='001'>SCSB-5202839</controlfield><controlfield tag='003'>NNC</controlfield><controlfield tag='005'>20221110033435.0</controlfield><controlfield tag='008'>050912s2004    sp a     b   s000 0 spa  </controlfield><controlfield tag='009'>5419131</controlfield><datafield ind1=' ' ind2=' ' tag='010'><subfield code='a'>  2005445024</subfield></datafield><datafield ind1=' ' ind2=' ' tag='020'><subfield code='a'>8423527220</subfield></datafield><datafield ind1=' ' ind2=' ' tag='020'><subfield code='a'>9788423527229</subfield></datafield><datafield ind1='1' ind2=' ' tag='029'><subfield code='a'>AU@</subfield><subfield code='b'>000040052044</subfield></datafield><datafield ind1=' ' ind2=' ' tag='035'><subfield code='a'>(OCoLC)ocm62733178</subfield></datafield><datafield ind1=' ' ind2=' ' tag='035'><subfield code='a'>(OCoLC)62733178</subfield></datafield><datafield ind1=' ' ind2=' ' tag='035'><subfield code='a'>(NNC)5419131</subfield></datafield><datafield ind1=' ' ind2=' ' tag='035'><subfield code='a'>5419131</subfield></datafield><datafield ind1=' ' ind2=' ' tag='040'><subfield code='a'>DLC</subfield><subfield code='c'>DLC</subfield><subfield code='d'>OCLCG</subfield></datafield><datafield ind1=' ' ind2=' ' tag='042'><subfield code='a'>pcc</subfield></datafield><datafield ind1=' ' ind2=' ' tag='043'><subfield code='a'>e-sp---</subfield></datafield><datafield ind1='0' ind2='0' tag='050'><subfield code='a'>NA5811.T685</subfield><subfield code='b'>M37 2004</subfield></datafield><datafield ind1='1' ind2=' ' tag='100'><subfield code='a'>Martínez de Aguirre, Javier.</subfield><subfield code='0'>http://id.loc.gov/authorities/names/n88275287</subfield></datafield><datafield ind1='1' ind2='0' tag='245'><subfield code='a'>Torres del Río, Iglesia del Santo Sepulcro /</subfield><subfield code='c'>Javier Martínez de Aguirre, Leopoldo Gil Cornet.</subfield></datafield><datafield ind1='3' ind2='0' tag='246'><subfield code='a'>Iglesia del Santo Sepulcro</subfield></datafield><datafield ind1=' ' ind2=' ' tag='260'><subfield code='a'>Pamplona :</subfield><subfield code='b'>Gobierno de Navarra,</subfield><subfield code='c'>[2004]</subfield></datafield><datafield ind1=' ' ind2=' ' tag='300'><subfield code='a'>106 pages :</subfield><subfield code='b'>illustrations (some color) ;</subfield><subfield code='c'>31 cm.</subfield></datafield><datafield ind1=' ' ind2=' ' tag='336'><subfield code='a'>text</subfield><subfield code='b'>txt</subfield><subfield code='2'>rdacontent</subfield></datafield><datafield ind1=' ' ind2=' ' tag='337'><subfield code='a'>unmediated</subfield><subfield code='b'>n</subfield><subfield code='2'>rdamedia</subfield></datafield><datafield ind1='1' ind2=' ' tag='490'><subfield code='a'>Panorama ;</subfield><subfield code='v'>no. 34</subfield></datafield><datafield ind1=' ' ind2=' ' tag='504'><subfield code='a'>Includes bibliographical references (p. 105-106).</subfield></datafield><datafield ind1='2' ind2='0' tag='610'><subfield code='a'>Iglesia del Santo Sepulcro de Torres del Río (Torres del Río, Spain)</subfield><subfield code='0'>http://id.loc.gov/authorities/names/n2005068185</subfield></datafield><datafield ind1=' ' ind2='0' tag='650'><subfield code='a'>Church architecture</subfield><subfield code='z'>Spain</subfield><subfield code='z'>Torres del Rio.</subfield></datafield><datafield ind1=' ' ind2='0' tag='650'><subfield code='a'>Architecture, Medieval</subfield><subfield code='z'>Spain</subfield><subfield code='z'>Torres del Rio.</subfield></datafield><datafield ind1=' ' ind2='0' tag='651'><subfield code='a'>Torres del Rio (Spain)</subfield><subfield code='x'>Buildings.</subfield></datafield><datafield ind1='1' ind2=' ' tag='700'><subfield code='a'>Gil Cornet, Leopoldo,</subfield><subfield code='d'>1952-</subfield><subfield code='0'>http://id.loc.gov/authorities/names/n2005068167</subfield></datafield><datafield ind1=' ' ind2='0' tag='830'><subfield code='a'>Panorama (Pamplona, Spain) ;</subfield><subfield code='v'>no. 34.</subfield><subfield code='0'>http://id.loc.gov/authorities/names/n86716318</subfield></datafield><datafield ind1=' ' ind2=' ' tag='901'><subfield code='a'>baa59c2d-6e43-460c-a8a9-353b1a8896e0</subfield><subfield code='b'>29</subfield><subfield code='c'>false</subfield></datafield><datafield ind1='0' ind2='0' tag='852'><subfield code='h'>NA5811.T685 M37 2004</subfield><subfield code='0'>5188639</subfield><subfield code='b'>scsbcul</subfield></datafield><datafield ind1=' ' ind2=' ' tag='876'><subfield code='0'>5188639</subfield><subfield code='a'>7757517</subfield><subfield code='h'>In Library Use</subfield><subfield code='j'>Available</subfield><subfield code='p'>AR01155768</subfield><subfield code='t'>1</subfield><subfield code='x'>Shared</subfield><subfield code='z'>AR</subfield><subfield code='l'>RECAP</subfield></datafield></record>