
<record><leader>00000nam  22003854a 4500</leader><controlfield tag='001'>SCSB-9436899</controlfield><controlfield tag='003'>OCoLC</controlfield><controlfield tag='005'>20060317110055.8</controlfield><controlfield tag='008'>050808s2004    sp a     b   s000 0 spa  nam4a </controlfield><controlfield tag='009'>.b161169120</controlfield><datafield ind1='1' ind2=' ' tag='100'><subfield code='a'>Martínez de Aguirre, Javier.</subfield></datafield><datafield ind1='1' ind2=' ' tag='700'><subfield code='a'>Gil Cornet, Leopoldo,</subfield><subfield code='d'>1952-</subfield></datafield><datafield ind1='2' ind2='0' tag='610'><subfield code='a'>Iglesia del Santo Sepulcro de Torres del Río (Torres del Río, Spain)</subfield></datafield><datafield ind1=' ' ind2='0' tag='650'><subfield code='a'>Church architecture</subfield><subfield code='z'>Spain</subfield><subfield code='z'>Torres del Río.</subfield></datafield><datafield ind1=' ' ind2='0' tag='650'><subfield code='a'>Architecture, Medieval</subfield><subfield code='z'>Spain</subfield><subfield code='z'>Torres del Río.</subfield></datafield><datafield ind1=' ' ind2='0' tag='651'><subfield code='a'>Torres del Rio (Spain)</subfield><subfield code='x'>Buildings, structures, etc.</subfield></datafield><datafield ind1=' ' ind2=' ' tag='020'><subfield code='a'>8423527220</subfield></datafield><datafield ind1=' ' ind2=' ' tag='010'><subfield code='a'>2005445024</subfield></datafield><datafield ind1=' ' ind2=' ' tag='504'><subfield code='a'>Includes bibliographical references (p. 105-106).</subfield></datafield><datafield ind1=' ' ind2=' ' tag='260'><subfield code='a'>Pamplona :</subfield><subfield code='b'>Gobierno de Navarra,</subfield><subfield code='c'>[2004]</subfield></datafield><datafield ind1=' ' ind2=' ' tag='300'><subfield code='a'>106 p. :</subfield><subfield code='b'>ill. (some col.) ;</subfield><subfield code='c'>31 cm.</subfield></datafield><datafield ind1='1' ind2=' ' tag='490'><subfield code='a'>Panorama ;</subfield><subfield code='v'>no. 34</subfield></datafield><datafield ind1=' ' ind2='0' tag='830'><subfield code='a'>Panorama (Pamplona, Spain) ;</subfield><subfield code='v'>no. 34.</subfield></datafield><datafield ind1='1' ind2='0' tag='245'><subfield code='a'>Torres del Río, Iglesia del Santo Sepulcro /</subfield><subfield code='c'>Javier Martínez de Aguirre, Leopoldo Gil Cornet.</subfield></datafield><datafield ind1='3' ind2='0' tag='246'><subfield code='a'>Iglesia del Santo Sepulcro</subfield></datafield><datafield ind1=' ' ind2=' ' tag='040'><subfield code='a'>DLC</subfield><subfield code='c'>DLC</subfield><subfield code='d'>NYP</subfield><subfield code='d'>UtOrBLW</subfield></datafield><datafield ind1=' ' ind2=' ' tag='042'><subfield code='a'>pcc</subfield></datafield><datafield ind1=' ' ind2=' ' tag='043'><subfield code='a'>e-sp---</subfield></datafield><datafield ind1=' ' ind2=' ' tag='049'><subfield code='a'>NYPP</subfield></datafield><datafield ind1='0' ind2='0' tag='050'><subfield code='a'>NA5811.T685</subfield><subfield code='b'>M37 2004</subfield></datafield><datafield ind1='0' ind2='0' tag='908'><subfield code='a'>NA5811.T685</subfield><subfield code='b'>M37 2004</subfield></datafield><datafield ind1=' ' ind2=' ' tag='901'><subfield code='b'>ha</subfield><subfield code='c'>CFT/ANG</subfield></datafield><datafield ind1=' ' ind2=' ' tag='946'><subfield code='a'>m</subfield></datafield><datafield ind1=' ' ind2=' ' tag='997'><subfield code='a'>ha</subfield><subfield code='b'>03-17-06</subfield><subfield code='c'>m</subfield><subfield code='d'>a</subfield><subfield code='e'>-</subfield><subfield code='f'>spa</subfield><subfield code='g'>sp</subfield><subfield code='h'>0</subfield></datafield><datafield ind1='0' ind2='0' tag='907'><subfield code='a'>.b161169120</subfield></datafield><datafield ind1=' ' ind2=' ' tag='035'><subfield code='a'>(OCoLC)62733178</subfield></datafield><datafield ind1=' ' ind2=' ' tag='901'><subfield code='a'>baa59c2d-6e43-460c-a8a9-353b1a8896e0</subfield><subfield code='b'>29</subfield><subfield code='c'>false</subfield></datafield><datafield ind1='8' ind2=' ' tag='852'><subfield code='h'>JQG 06-298</subfield><subfield code='0'>9980016</subfield><subfield code='b'>scsbnypl</subfield></datafield><datafield ind1=' ' ind2=' ' tag='876'><subfield code='0'>9980016</subfield><subfield code='a'>15674620</subfield><subfield code='h'>In Library Use</subfield><subfield code='j'>Available</subfield><subfield code='p'>33433073042727</subfield><subfield code='t'>1</subfield><subfield code='x'>Open</subfield><subfield code='z'>NA</subfield><subfield code='l'>RECAP</subfield></datafield></record>