
<record><leader>01469cam a2200385   4500</leader><controlfield tag='001'>SCSB-2357756</controlfield><controlfield tag='003'>NNC</controlfield><controlfield tag='005'>20220518233141.0</controlfield><controlfield tag='008'>851031s1875    stkh          000 0 eng  </controlfield><controlfield tag='009'>292427</controlfield><datafield ind1=' ' ind2=' ' tag='010'><subfield code='a'>   05003432 </subfield></datafield><datafield ind1=' ' ind2=' ' tag='035'><subfield code='a'>(OCoLC)228685113</subfield></datafield><datafield ind1=' ' ind2=' ' tag='035'><subfield code='a'>(OCoLC)ocn228685113</subfield></datafield><datafield ind1=' ' ind2=' ' tag='035'><subfield code='a'>(CStRLIN)NYCG85-B103040</subfield></datafield><datafield ind1=' ' ind2=' ' tag='035'><subfield code='9'>ABG6942CU</subfield></datafield><datafield ind1=' ' ind2=' ' tag='035'><subfield code='a'>(NNC)292427</subfield></datafield><datafield ind1=' ' ind2=' ' tag='035'><subfield code='a'>292427</subfield></datafield><datafield ind1=' ' ind2=' ' tag='040'><subfield code='c'>PU</subfield><subfield code='d'>NNC</subfield></datafield><datafield ind1='0' ind2='0' tag='050'><subfield code='a'>PR4332</subfield><subfield code='b'>.B75</subfield></datafield><datafield ind1=' ' ind2=' ' tag='090'><subfield code='a'>PR4332</subfield><subfield code='b'>.B75</subfield></datafield><datafield ind1='1' ind2=' ' tag='100'><subfield code='a'>Burnes, William,</subfield><subfield code='d'>1721-1784.</subfield></datafield><datafield ind1='1' ind2='2' tag='245'><subfield code='a'>A manual of religious belief /</subfield><subfield code='c'>composed by William Burnes, (the poet\u0027s father,) for the instruction of his children; with biographical preface.</subfield></datafield><datafield ind1=' ' ind2=' ' tag='250'><subfield code='a'>Now first printed.</subfield></datafield><datafield ind1=' ' ind2=' ' tag='260'><subfield code='a'>Kilmarnock :</subfield><subfield code='b'>M\u0027Kie &amp; Drennan,</subfield><subfield code='c'>1875.</subfield></datafield><datafield ind1=' ' ind2=' ' tag='300'><subfield code='a'>L pages :</subfield><subfield code='b'>frontispiece (facsimiles) ;</subfield><subfield code='c'>22 cm</subfield></datafield><datafield ind1=' ' ind2=' ' tag='336'><subfield code='a'>text</subfield><subfield code='2'>rdacontent</subfield></datafield><datafield ind1=' ' ind2=' ' tag='337'><subfield code='a'>unmediated</subfield><subfield code='2'>rdamedia</subfield></datafield><datafield ind1=' ' ind2=' ' tag='338'><subfield code='a'>volume</subfield><subfield code='2'>rdacarrier</subfield></datafield><datafield ind1=' ' ind2=' ' tag='500'><subfield code='a'>&quot;Impression limited to 600 copies. no. 596.&quot;</subfield></datafield><datafield ind1=' ' ind2=' ' tag='500'><subfield code='a'>&quot;A manual of religious belief in a dialogue between father and son&quot;: p. [xxxix]-l.</subfield></datafield><datafield ind1=' ' ind2=' ' tag='500'><subfield code='a'>The original manuscript is in the handwriting of John Murdoch, who may have had some share in its composition.</subfield></datafield><datafield ind1='1' ind2='0' tag='600'><subfield code='a'>Burnes, William,</subfield><subfield code='d'>1721-1784.</subfield></datafield><datafield ind1=' ' ind2='0' tag='650'><subfield code='a'>Catechisms, English.</subfield><subfield code='0'>http://id.loc.gov/authorities/subjects/sh89003923</subfield></datafield><datafield ind1='1' ind2=' ' tag='700'><subfield code='a'>Murdoch, John,</subfield><subfield code='d'>1747-1824.</subfield><subfield code='0'>http://id.loc.gov/authorities/names/n82041021</subfield></datafield><datafield ind1=' ' ind2=' ' tag='901'><subfield code='a'>24a988c3-d0be-427a-8390-74d0f9484ed9</subfield><subfield code='b'>5</subfield><subfield code='c'>false</subfield></datafield><datafield ind1='8' ind2='0' tag='852'><subfield code='h'>824B93 GB3</subfield><subfield code='0'>2329076</subfield><subfield code='b'>scsbcul</subfield></datafield><datafield ind1=' ' ind2=' ' tag='876'><subfield code='0'>2329076</subfield><subfield code='a'>3564711</subfield><subfield code='h'> </subfield><subfield code='j'>Available</subfield><subfield code='p'>CU58395083</subfield><subfield code='t'>1</subfield><subfield code='x'>Shared</subfield><subfield code='z'>CU</subfield><subfield code='l'>RECAP</subfield></datafield></record>