
<record><leader>01556nam a2200337I  4500</leader><controlfield tag='001'>SCSB-8033656</controlfield><controlfield tag='003'>OCoLC</controlfield><controlfield tag='005'>20001116190446.9</controlfield><controlfield tag='008'>760408s1875    stkh          000 0deng  </controlfield><controlfield tag='009'>.b13430598x</controlfield><datafield ind1=' ' ind2=' ' tag='010'><subfield code='a'>05003432</subfield></datafield><datafield ind1=' ' ind2=' ' tag='040'><subfield code='a'>DLC</subfield><subfield code='c'>GUA</subfield><subfield code='d'>GUA</subfield><subfield code='d'>NYP</subfield><subfield code='d'>WaOLN</subfield></datafield><datafield ind1=' ' ind2=' ' tag='049'><subfield code='a'>NYPG</subfield></datafield><datafield ind1='0' ind2='0' tag='050'><subfield code='a'>PR4332</subfield><subfield code='b'>.B75</subfield></datafield><datafield ind1='1' ind2=' ' tag='100'><subfield code='a'>Burnes, William,</subfield><subfield code='d'>1721-1784.</subfield></datafield><datafield ind1='1' ind2='2' tag='245'><subfield code='a'>A manual of religious belief,</subfield><subfield code='c'>composed by William Burnes, (the poet&apos;s father,) for the instruction of his children; with biographical preface. Now first printed.</subfield></datafield><datafield ind1=' ' ind2=' ' tag='260'><subfield code='a'>Kilmarnock,</subfield><subfield code='b'>M&apos;Kie &amp; Drennan,</subfield><subfield code='c'>1875.</subfield></datafield><datafield ind1=' ' ind2=' ' tag='300'><subfield code='a'>L p.</subfield><subfield code='b'>front. (facsim.)</subfield><subfield code='c'>22cm.</subfield></datafield><datafield ind1=' ' ind2=' ' tag='500'><subfield code='a'>&quot;A manual of religious belief in a dialogue between father and son&quot;; p. [xxxix]-l.</subfield></datafield><datafield ind1=' ' ind2=' ' tag='500'><subfield code='a'>The original manuscript is in the handwriting of John Murdoch, who may have had some share in its composition.</subfield></datafield><datafield ind1='1' ind2=' ' tag='590'><subfield code='a'>&quot;Impression limited to 600 copies. no. 239.&quot;</subfield></datafield><datafield ind1='1' ind2='0' tag='600'><subfield code='a'>Burnes, William,</subfield><subfield code='d'>1721-1784.</subfield></datafield><datafield ind1=' ' ind2='0' tag='650'><subfield code='a'>Catechisms, English.</subfield></datafield><datafield ind1='1' ind2=' ' tag='700'><subfield code='a'>Murdoch, John,</subfield><subfield code='d'>1747-1824.</subfield></datafield><datafield ind1=' ' ind2=' ' tag='907'><subfield code='a'>.b13430598x</subfield><subfield code='c'>m</subfield><subfield code='d'>a</subfield><subfield code='e'>-</subfield><subfield code='f'>eng</subfield><subfield code='g'>stk</subfield><subfield code='h'>2</subfield><subfield code='i'>2</subfield></datafield><datafield ind1=' ' ind2=' ' tag='035'><subfield code='a'>(OCoLC)2102277</subfield></datafield><datafield ind1=' ' ind2=' ' tag='901'><subfield code='a'>24a988c3-d0be-427a-8390-74d0f9484ed9</subfield><subfield code='b'>5</subfield><subfield code='c'>false</subfield></datafield><datafield ind1='8' ind2=' ' tag='852'><subfield code='h'>ZFB (Burnes, W. Manual of religious belief)</subfield><subfield code='0'>8177304</subfield><subfield code='b'>scsbnypl</subfield></datafield><datafield ind1=' ' ind2=' ' tag='876'><subfield code='0'>8177304</subfield><subfield code='a'>13425427</subfield><subfield code='h'>In Library Use</subfield><subfield code='j'>Available</subfield><subfield code='p'>33433099023487</subfield><subfield code='t'>1</subfield><subfield code='x'>Shared</subfield><subfield code='z'>NA</subfield><subfield code='l'>RECAP</subfield></datafield><datafield ind1=' ' ind2=' ' tag='876'><subfield code='0'>8177304</subfield><subfield code='a'>13425428</subfield><subfield code='h'>In Library Use</subfield><subfield code='j'>Available</subfield><subfield code='p'>33433068236995</subfield><subfield code='t'>1</subfield><subfield code='x'>Shared</subfield><subfield code='z'>NA</subfield><subfield code='l'>RECAP</subfield></datafield></record>