
<record><leader>00000cam a2200445Ia 4500</leader><controlfield tag='001'>SCSB-12438694</controlfield><controlfield tag='005'>20111006152906.0</controlfield><controlfield tag='008'>090929s2011    enka     b    000 0 eng  </controlfield><controlfield tag='009'>990129006580203941</controlfield><datafield ind1=' ' ind2=' ' tag='015'><subfield code='a'>GBB031507</subfield><subfield code='2'>bnb</subfield></datafield><datafield ind1='7' ind2=' ' tag='016'><subfield code='a'>015495165</subfield><subfield code='2'>Uk</subfield></datafield><datafield ind1=' ' ind2=' ' tag='020'><subfield code='a'>9781861896537 (hbk.)</subfield></datafield><datafield ind1=' ' ind2=' ' tag='020'><subfield code='a'>1861896530 (hbk.)</subfield></datafield><datafield ind1=' ' ind2=' ' tag='035'><subfield code='a'>(OCoLC)528423715</subfield><subfield code='z'>(OCoLC)457149556</subfield></datafield><datafield ind1=' ' ind2=' ' tag='040'><subfield code='a'>UKM</subfield><subfield code='c'>UKM</subfield><subfield code='d'>BTCTA</subfield><subfield code='d'>YDXCP</subfield><subfield code='d'>CDX</subfield><subfield code='d'>CGU</subfield><subfield code='d'>BWX</subfield><subfield code='d'>IOG</subfield><subfield code='d'>UAB</subfield><subfield code='d'>MIX</subfield></datafield><datafield ind1='1' ind2=' ' tag='041'><subfield code='a'>eng</subfield><subfield code='h'>ger</subfield></datafield><datafield ind1=' ' ind2='4' tag='050'><subfield code='a'>Z43</subfield><subfield code='b'>.N4413 2011</subfield></datafield><datafield ind1='0' ind2='4' tag='082'><subfield code='a'>652.109</subfield><subfield code='2'>22</subfield></datafield><datafield ind1='1' ind2=' ' tag='100'><subfield code='a'>Neef, Sonja.</subfield></datafield><datafield ind1='1' ind2='0' tag='240'><subfield code='a'>Abdruck und Spur.</subfield><subfield code='l'>English</subfield></datafield><datafield ind1='1' ind2='0' tag='245'><subfield code='a'>Imprint and trace :</subfield><subfield code='b'>handwriting in the age of technology /</subfield><subfield code='c'>Sonja Neef ; [English translation by Anthony Mathews].</subfield></datafield><datafield ind1='3' ind2='0' tag='246'><subfield code='a'>Handwriting in the age of technology</subfield></datafield><datafield ind1=' ' ind2=' ' tag='260'><subfield code='a'>London :</subfield><subfield code='b'>Reaktion Books,</subfield><subfield code='c'>2011.</subfield></datafield><datafield ind1=' ' ind2=' ' tag='300'><subfield code='a'>365 p. :</subfield><subfield code='b'>ill. ;</subfield><subfield code='c'>23 cm.</subfield></datafield><datafield ind1=' ' ind2=' ' tag='504'><subfield code='a'>Includes bibliographical references.</subfield></datafield><datafield ind1=' ' ind2=' ' tag='520'><subfield code='a'>In today&apos;s world, written communication is a highly technical business. Most writing is composed on computer, while correspondence is largely transmitted by means of email or text message. We type our shopping orders online, blogs are our diaries and we have Facebook. Consequently, the practice that seems to be falling into neglect as a result is the physical and material act of handwriting.</subfield></datafield><datafield ind1=' ' ind2=' ' tag='520'><subfield code='a'>In Imprint and Trace: Handwriting in the Age of Technology, Sonja Neef first uncovers the real historical resilience of handwriting. She shows us how advances in the form of the printing press (a technical means of writing) and the typewriter, for example, initiated in their wake radically new writing implements (steel-tipped feather quill, fountain-pen, ballpoint); and she points out how current digital applications such as tablet PCs, screensavers and handwriting recognition software stimulate new handwriting practices. Behind this intertwined relationship between the physical and the technical are posited paired conceptual principles - trace, the unique cursive line drawn by an individual hand, and imprint, the principle that handwriting needs to be serial, standardized and repeatable in order to be readable. It is the dualistic creativity of imprint and trace that leads to a series of fascinating illustrated case studies on the topics of screensavers, urban graffiti, body tattooing, and a pair of twentieth-century diaries, one by Anne Frank, the other briefly believed to have been written by Adolf Hitler.</subfield></datafield><datafield ind1=' ' ind2=' ' tag='520'><subfield code='a'>Imprint and Trace presents an original and distinctive re-evaluation of the relationships between handwriting and technology, and between the various imprints and traces that have defined writing throughout history. This book will appeal to readers and scholars of both media studies and critical theory, as well as to all those interested in the cultural phenomena of writing and print production past and present. --Book Jacket.</subfield></datafield><datafield ind1='0' ind2=' ' tag='505'><subfield code='a'>Before a Stele -- Exergue: Imprint and Trace -- Before a Line -- Preamble: Scribing On -- Before a Cookery Book -- Prolegomenon: Writing and Technology -- Before a Photograph -- Fore-Word: A Distance, However Close -- Before a Hand -- The Screen Saver: Screen-Writing and Hand-Saving -- Before a Postcard -- The Diary: Anne Frank versus Kujau-Hitler -- Before a Grave -- Tattooing: Performing Perforation -- Before a Wall -- Graffiti: Passages of Writing -- Paralipomena: This Side of Writing -- After Omega.</subfield></datafield><datafield ind1=' ' ind2='0' tag='650'><subfield code='a'>Writing</subfield></datafield><datafield ind1=' ' ind2='0' tag='650'><subfield code='a'>Penmanship</subfield><subfield code='x'>History.</subfield></datafield><datafield ind1=' ' ind2='0' tag='650'><subfield code='a'>Writing</subfield><subfield code='x'>Materials and instruments</subfield><subfield code='x'>History.</subfield></datafield><datafield ind1=' ' ind2='0' tag='650'><subfield code='a'>Written communication</subfield><subfield code='x'>Technological innovations.</subfield></datafield><datafield ind1=' ' ind2='0' tag='650'><subfield code='a'>Graphology</subfield><subfield code='x'>History.</subfield></datafield><datafield ind1=' ' ind2='0' tag='650'><subfield code='a'>Written communication</subfield><subfield code='x'>Social aspects</subfield><subfield code='x'>History.</subfield></datafield><datafield ind1=' ' ind2='7' tag='655'><subfield code='a'>History</subfield><subfield code='2'>fast</subfield></datafield><datafield ind1=' ' ind2='7' tag='655'><subfield code='a'>History.</subfield><subfield code='2'>fast</subfield><subfield code='0'>(OCoLC)fst01411628</subfield></datafield><datafield ind1='0' ind2=' ' tag='765'><subfield code='a'>Neef, Sonja.</subfield><subfield code='t'>Abdruck und Spur.</subfield><subfield code='d'>Berlin : Kadmos, c2008.</subfield><subfield code='z'>9783865990372</subfield><subfield code='w'>(OCoLC)261350313</subfield></datafield><datafield ind1='0' ind2=' ' tag='765'><subfield code='a'>Neef, Sonja.</subfield><subfield code='t'>Abdruck und Spur.</subfield><subfield code='d'>Berlin : Kadmos, ©2008</subfield><subfield code='z'>9783865990372</subfield><subfield code='w'>(OCoLC)261350313</subfield></datafield><datafield ind1='1' ind2=' ' tag='583'><subfield code='a'>committed to retain</subfield><subfield code='c'>20181001</subfield><subfield code='d'>in perpetuity</subfield><subfield code='f'>ReCAP Shared Collection</subfield><subfield code='5'>HUL</subfield><subfield code='8'>222131247980003941</subfield></datafield><datafield ind1='0' ind2=' ' tag='852'><subfield code='c'>HD</subfield><subfield code='h'>Z43</subfield><subfield code='i'>.N4413 2011</subfield><subfield code='0'>13276566</subfield><subfield code='b'>scsbhl</subfield></datafield><datafield ind1=' ' ind2=' ' tag='876'><subfield code='0'>13276566</subfield><subfield code='a'>19086298</subfield><subfield code='h'> </subfield><subfield code='j'>Available</subfield><subfield code='k'>WID</subfield><subfield code='p'>32044121480610</subfield><subfield code='x'>Shared</subfield><subfield code='z'>HW</subfield><subfield code='l'>HD</subfield></datafield></record>