
<record><leader>00000cam a2200373 a 4500</leader><controlfield tag='001'>SCSB-12380986</controlfield><controlfield tag='005'>20120329224629.0</controlfield><controlfield tag='008'>111121s2012    nyua     b    001 0 eng  </controlfield><controlfield tag='009'>990131420810203941</controlfield><datafield ind1=' ' ind2=' ' tag='010'><subfield code='a'>^^2011046947</subfield></datafield><datafield ind1=' ' ind2=' ' tag='020'><subfield code='a'>9781848729209 (hardback : alk. paper)</subfield></datafield><datafield ind1=' ' ind2=' ' tag='020'><subfield code='a'>1848729200 (hardback : alk. paper)</subfield></datafield><datafield ind1=' ' ind2=' ' tag='035'><subfield code='a'>(OCoLC)741542137</subfield><subfield code='z'>(OCoLC)1058115474</subfield></datafield><datafield ind1=' ' ind2=' ' tag='040'><subfield code='a'>DLC</subfield><subfield code='b'>eng</subfield><subfield code='c'>DLC</subfield><subfield code='d'>YDX</subfield><subfield code='d'>BTCTA</subfield><subfield code='d'>YDXCP</subfield><subfield code='d'>BWX</subfield></datafield><datafield ind1=' ' ind2=' ' tag='042'><subfield code='a'>pcc</subfield></datafield><datafield ind1='0' ind2='0' tag='050'><subfield code='a'>P211.6</subfield><subfield code='b'>.T73 2012</subfield></datafield><datafield ind1='0' ind2='0' tag='082'><subfield code='a'>302.2/244</subfield><subfield code='2'>23</subfield></datafield><datafield ind1='0' ind2='0' tag='245'><subfield code='a'>Translation of thought to written text while composing :</subfield><subfield code='b'>advancing theory, knowledge, research methods, tools, and applications /</subfield><subfield code='c'>edited by Michel Fayol, Denis Alamargot, and Virginia W. Berninger.</subfield></datafield><datafield ind1=' ' ind2=' ' tag='260'><subfield code='a'>New York :</subfield><subfield code='b'>Psychology Press,</subfield><subfield code='c'>c2012.</subfield></datafield><datafield ind1=' ' ind2=' ' tag='300'><subfield code='a'>xv, 392 p. :</subfield><subfield code='b'>ill. ;</subfield><subfield code='c'>24 cm.</subfield></datafield><datafield ind1=' ' ind2=' ' tag='504'><subfield code='a'>Includes bibliographical references and index.</subfield></datafield><datafield ind1='0' ind2=' ' tag='505'><subfield code='a'>Pt. I Reexamining what translation is and its role in writing -- 1 Introduction to the book : from cave writers to elite scribes to professional writers to universal writers, translation is fundamental to writing / Michel L. Fayol, Denis Alamargot, and Virginia Wise Berninger -- 2 Evidence from language bursts, revision, and transcription for translation and its relation to other writing processes / John R. Hayes -- 3 Mapping research questions about translation to methods, measures, and models / Virginia Wise Berninger, Gert Rijlaarsdam, and Michel L. Fayol -- pt. II Individual differences and developmental research methods for generating and applying theory of translation at different levels of language to writing -- 4 Learning to spell words with the pattern analyzer, oracle, cross-code talker, cross-code scribe, and silent orthographer / Virginia Wise Berninger, Michel L. Fayol and Denis Alamargot --^</subfield></datafield><datafield ind1='0' ind2=' ' tag='505'><subfield code='a'>5 Longitudinal individual case studies of 20 children on writing treks in grades 1-5 / Virginia Wise Berninger and John R. Hayes -- 6 Translation skills and trade-off in young L2 learners written narrations / Lieve Verheyden ... [et al.] -- pt. III Instructional research with improving translation in mind -- 7 Impact of teacher professional development in handwriting on improved student learning outcomes in writing quality / Dian Jones and Carol A. Christensen -- 8 Insights about translation from neuropsychology, self-talk strategies, and interventions / Lara-Jeane C. Costa ... [et al.] -- 9 Multivariate assessment of processes in elementary students&apos; written translation / Cynthia S. Puranik ... [et al.] -- 10 Facilitating children&apos;s translation of ideas into written language through combining art activities and self-regulated strategy instruction for writing / Michael Dunn -- pt. IV Experimental methods for studying translation in real time in adults and children --^</subfield></datafield><datafield ind1='0' ind2=' ' tag='505'><subfield code='a'>11 Contributions of online studies to understanding translation from ideas to written text / Michael L. Fayol and Bernard Lete -- 12 Using eye and pen movements to study the writing process / Denis Alamargot, David Chesnet, and Gilles Caporossi -- 13 Why use a copy task to study spelling in handwriting ? / E. Lambert, Denis Alamargot, and Michael L. Fayol -- pt. V Reflections on past, present, and future of translation research -- 14 Translation in the context of theoretical writing system research / Martin Neef.</subfield></datafield><datafield ind1=' ' ind2='0' tag='650'><subfield code='a'>Writing</subfield><subfield code='x'>Psychological aspects</subfield></datafield><datafield ind1='1' ind2=' ' tag='700'><subfield code='a'>Fayol, Michel,</subfield><subfield code='d'>1947-</subfield></datafield><datafield ind1='1' ind2=' ' tag='700'><subfield code='a'>Alamargot, Denis.</subfield></datafield><datafield ind1='1' ind2=' ' tag='700'><subfield code='a'>Berninger, Virginia Wise</subfield></datafield><datafield ind1='1' ind2=' ' tag='776'><subfield code='z'>9781848729209</subfield></datafield><datafield ind1='1' ind2=' ' tag='583'><subfield code='a'>committed to retain</subfield><subfield code='c'>20181001</subfield><subfield code='d'>in perpetuity</subfield><subfield code='f'>ReCAP Shared Collection</subfield><subfield code='5'>HUL</subfield><subfield code='8'>222161079510003941</subfield></datafield><datafield ind1='0' ind2=' ' tag='852'><subfield code='c'>HD</subfield><subfield code='h'>P211.6</subfield><subfield code='i'>.T73 2012</subfield><subfield code='0'>13217260</subfield><subfield code='b'>scsbhl</subfield></datafield><datafield ind1=' ' ind2=' ' tag='876'><subfield code='0'>13217260</subfield><subfield code='a'>19024274</subfield><subfield code='h'> </subfield><subfield code='j'>Available</subfield><subfield code='k'>WID</subfield><subfield code='p'>32044120027404</subfield><subfield code='x'>Shared</subfield><subfield code='z'>HW</subfield><subfield code='l'>HD</subfield></datafield></record>