
<record><leader>00000cam  2200433 i 4500</leader><controlfield tag='001'>SCSB-9595981</controlfield><controlfield tag='003'>Fr-PaAMA</controlfield><controlfield tag='005'>20190930.0</controlfield><controlfield tag='008'>190930t20192019fr a          000 0 fre dcam i </controlfield><controlfield tag='009'>.b219933534</controlfield><datafield ind1='1' ind2=' ' tag='100'><subfield code='a'>Ferrandez, Jacques,</subfield><subfield code='e'>author,</subfield><subfield code='e'>artist.</subfield></datafield><datafield ind1='1' ind2=' ' tag='700'><subfield code='i'>Graphic novelization of (work):</subfield><subfield code='a'>Giono, Jean,</subfield><subfield code='d'>1895-1970.</subfield><subfield code='t'>Chant du monde.</subfield></datafield><datafield ind1=' ' ind2='0' tag='650'><subfield code='a'>Cowboys</subfield><subfield code='z'>France</subfield><subfield code='v'>Comic books, strips, etc.</subfield></datafield><datafield ind1=' ' ind2='0' tag='650'><subfield code='a'>Revenge</subfield><subfield code='v'>Comic books, strips, etc.</subfield></datafield><datafield ind1=' ' ind2=' ' tag='250'><subfield code='a'>Première édition.</subfield></datafield><datafield ind1=' ' ind2=' ' tag='020'><subfield code='a'>9782075109628</subfield><subfield code='q'>(paperback)</subfield><subfield code='c'>22,00 EUR</subfield></datafield><datafield ind1=' ' ind2='1' tag='264'><subfield code='a'>[Paris] :</subfield><subfield code='b'>Gallimard Bande dessinée,</subfield><subfield code='c'>2019.</subfield></datafield><datafield ind1=' ' ind2='4' tag='264'><subfield code='c'>2019</subfield></datafield><datafield ind1=' ' ind2=' ' tag='300'><subfield code='a'>156 pages :</subfield><subfield code='b'>color illustrations ;</subfield><subfield code='c'>29 cm.</subfield></datafield><datafield ind1=' ' ind2=' ' tag='336'><subfield code='a'>text</subfield><subfield code='b'>txt</subfield><subfield code='2'>rdacontent</subfield></datafield><datafield ind1=' ' ind2=' ' tag='336'><subfield code='a'>still image</subfield><subfield code='b'>sti</subfield><subfield code='2'>rdacontent</subfield></datafield><datafield ind1=' ' ind2=' ' tag='337'><subfield code='a'>unmediated</subfield><subfield code='b'>n</subfield><subfield code='2'>rdamedia</subfield></datafield><datafield ind1=' ' ind2=' ' tag='338'><subfield code='a'>volume</subfield><subfield code='b'>nc</subfield><subfield code='2'>rdacarrier</subfield></datafield><datafield ind1='1' ind2=' ' tag='490'><subfield code='a'>Fétiche</subfield></datafield><datafield ind1=' ' ind2='0' tag='830'><subfield code='a'>Fétiche (Gallimard (Firm))</subfield></datafield><datafield ind1='1' ind2='3' tag='245'><subfield code='a'>Le chant du monde /</subfield><subfield code='c'>Jacques Ferrandez ; d&apos;après l&apos;oeuvre de Jean Giono.</subfield></datafield><datafield ind1=' ' ind2=' ' tag='040'><subfield code='a'>Fr-PaAMA</subfield><subfield code='b'>eng</subfield><subfield code='e'>rda</subfield></datafield><datafield ind1=' ' ind2=' ' tag='043'><subfield code='a'>e-fr---</subfield></datafield><datafield ind1=' ' ind2='4' tag='050'><subfield code='a'>PN6747.F47</subfield><subfield code='b'>C43 2019</subfield></datafield><datafield ind1=' ' ind2='4' tag='908'><subfield code='a'>PN6747.F47</subfield><subfield code='b'>C43 2019</subfield></datafield><datafield ind1=' ' ind2=' ' tag='901'><subfield code='a'>AUXAM</subfield></datafield><datafield ind1=' ' ind2=' ' tag='910'><subfield code='a'>RL</subfield></datafield><datafield ind1='0' ind2='0' tag='907'><subfield code='a'>.b219933534</subfield></datafield><datafield ind1=' ' ind2=' ' tag='035'><subfield code='a'>(OCoLC)1112893092</subfield></datafield><datafield ind1='8' ind2=' ' tag='852'><subfield code='h'>ReCAP 19-67180</subfield><subfield code='0'>10187230</subfield><subfield code='b'>scsbnypl</subfield></datafield><datafield ind1=' ' ind2=' ' tag='876'><subfield code='0'>10187230</subfield><subfield code='a'>15914761</subfield><subfield code='j'>Available</subfield><subfield code='p'>33433128423310</subfield><subfield code='t'>1</subfield><subfield code='x'>Shared</subfield><subfield code='z'>NA</subfield><subfield code='l'>RECAP</subfield></datafield></record>