
<record><leader>01651cam a2200457 i 4500</leader><controlfield tag='001'>SCSB-9297644</controlfield><controlfield tag='003'>NNC</controlfield><controlfield tag='005'>20240618204205.0</controlfield><controlfield tag='008'>190222t20192019fr       b    001 0 fre d</controlfield><controlfield tag='009'>13803209</controlfield><datafield ind1=' ' ind2=' ' tag='020'><subfield code='a'>9782714312174 (paperback) :</subfield><subfield code='c'>24,00 EUR</subfield></datafield><datafield ind1=' ' ind2=' ' tag='035'><subfield code='a'>(OCoLC)1088323785</subfield></datafield><datafield ind1=' ' ind2=' ' tag='035'><subfield code='a'>(OCoLC)on1088323785</subfield></datafield><datafield ind1=' ' ind2=' ' tag='035'><subfield code='a'>(Fr-PaAMA)AAL0807218-0001</subfield></datafield><datafield ind1=' ' ind2=' ' tag='035'><subfield code='a'>(NNC)13803209</subfield></datafield><datafield ind1=' ' ind2=' ' tag='035'><subfield code='a'>13803209</subfield></datafield><datafield ind1=' ' ind2=' ' tag='040'><subfield code='a'>Fr-PaAMA</subfield><subfield code='e'>rda</subfield></datafield><datafield ind1=' ' ind2=' ' tag='043'><subfield code='a'>e-fr---</subfield></datafield><datafield ind1=' ' ind2='4' tag='050'><subfield code='a'>PQ443</subfield><subfield code='b'>.C567 2019</subfield></datafield><datafield ind1='1' ind2=' ' tag='100'><subfield code='a'>Collot, Michel,</subfield><subfield code='e'>author.</subfield><subfield code='4'>http://id.loc.gov/vocabulary/relators/aut</subfield><subfield code='0'>http://id.loc.gov/authorities/names/n81122211</subfield></datafield><datafield ind1='1' ind2='3' tag='245'><subfield code='a'>Le chant du monde :</subfield><subfield code='b'>dans la poésie française contemporaine /</subfield><subfield code='c'>Michel Collot.</subfield></datafield><datafield ind1=' ' ind2='1' tag='264'><subfield code='a'>[Paris] :</subfield><subfield code='b'>Éditions Corti,</subfield><subfield code='c'>[2019]</subfield></datafield><datafield ind1=' ' ind2='4' tag='264'><subfield code='c'>2019</subfield></datafield><datafield ind1=' ' ind2=' ' tag='300'><subfield code='a'>355 pages ;</subfield><subfield code='c'>22 cm.</subfield></datafield><datafield ind1=' ' ind2=' ' tag='336'><subfield code='a'>text</subfield><subfield code='b'>txt</subfield><subfield code='2'>rdacontent</subfield></datafield><datafield ind1=' ' ind2=' ' tag='337'><subfield code='a'>unmediated</subfield><subfield code='b'>n</subfield><subfield code='2'>rdamedia</subfield></datafield><datafield ind1=' ' ind2=' ' tag='338'><subfield code='a'>volume</subfield><subfield code='b'>nc</subfield><subfield code='2'>rdacarrier</subfield></datafield><datafield ind1='1' ind2=' ' tag='490'><subfield code='a'>Les essais</subfield></datafield><datafield ind1=' ' ind2=' ' tag='504'><subfield code='a'>Includes bibliographical references (pages 353-354) and index.</subfield></datafield><datafield ind1=' ' ind2='0' tag='650'><subfield code='a'>French poetry</subfield><subfield code='y'>20th century</subfield><subfield code='x'>Themes, motives.</subfield></datafield><datafield ind1=' ' ind2='0' tag='650'><subfield code='a'>French poetry</subfield><subfield code='y'>21st century</subfield><subfield code='x'>Themes, motives.</subfield></datafield><datafield ind1=' ' ind2='0' tag='830'><subfield code='a'>Essais (José Corti (Firm))</subfield><subfield code='0'>http://id.loc.gov/authorities/names/no00074548</subfield></datafield><datafield ind1=' ' ind2=' ' tag='901'><subfield code='a'>7ac190e5-def5-4b6e-bcb7-5d7e8225d7de</subfield><subfield code='b'>25</subfield><subfield code='c'>false</subfield></datafield><datafield ind1='0' ind2='0' tag='852'><subfield code='h'>PQ443 .C567 2019g</subfield><subfield code='0'>9672072</subfield><subfield code='b'>scsbcul</subfield></datafield><datafield ind1=' ' ind2=' ' tag='876'><subfield code='0'>9672072</subfield><subfield code='a'>15380033</subfield><subfield code='h'> </subfield><subfield code='j'>Available</subfield><subfield code='p'>CU26646811</subfield><subfield code='t'>1</subfield><subfield code='x'>Shared</subfield><subfield code='z'>CU</subfield><subfield code='l'>RECAP</subfield></datafield></record>