
<record><leader>00000cam  2200421 i 4500</leader><controlfield tag='001'>SCSB-9346951</controlfield><controlfield tag='003'>Fr-PaAMA</controlfield><controlfield tag='005'>20190222.0</controlfield><controlfield tag='008'>190222t20192019fr       b    001 0 fre dcam i </controlfield><controlfield tag='009'>.b217567824</controlfield><datafield ind1='1' ind2=' ' tag='100'><subfield code='a'>Collot, Michel,</subfield><subfield code='e'>author.</subfield></datafield><datafield ind1=' ' ind2='0' tag='650'><subfield code='a'>French poetry</subfield><subfield code='y'>20th century</subfield><subfield code='x'>Themes, motives.</subfield></datafield><datafield ind1=' ' ind2='0' tag='650'><subfield code='a'>French poetry</subfield><subfield code='y'>21st century</subfield><subfield code='x'>Themes, motives.</subfield></datafield><datafield ind1=' ' ind2=' ' tag='020'><subfield code='a'>9782714312174 (paperback) :</subfield><subfield code='c'>24,00 EUR</subfield></datafield><datafield ind1=' ' ind2=' ' tag='504'><subfield code='a'>Includes bibliographical references (pages 353-354) and index.</subfield></datafield><datafield ind1='0' ind2='0' tag='505'><subfield code='t'>Un paysage brouillé --</subfield><subfield code='t'>Tendances --</subfield><subfield code='t'>Histoire --</subfield><subfield code='t'>Enquête sur une double disparition --</subfield><subfield code='t'>Lyrisme et littéralité --</subfield><subfield code='t'>L&apos;hybridation du vers et de la prose --</subfield><subfield code='t'>Le chant du monde --</subfield><subfield code='t'>Le chant du monde --</subfield><subfield code='t'>Sublime et verticalité --</subfield><subfield code='t'>Poésie et nature aujourd&apos;hui --</subfield><subfield code='t'>Le parti pris des lieux --</subfield><subfield code='t'>Lectures --</subfield><subfield code='t'>Avertissement --</subfield><subfield code='t'>&quot;Le monde n&apos;est pas fini&quot; (Bernard Noël) --</subfield><subfield code='t'>Un passeur exemplaire (Michel Deguy) --</subfield><subfield code='t'>Défense et illustration de la beauté sur terre et dans les textes (Jean-Paul Michel) --</subfield><subfield code='t'>Les mots et l&apos;émotion (Lionel Ray) --</subfield><subfield code='t'>Sentimental et naïf ?(Jean-Claude Pinson) --</subfield><subfield code='t'>Poésie et réalité (Antoine Emaz lecteur de Reverdy) --</subfield><subfield code='t'>Le vers à l&apos;épreuve du deuil (Philippe Jaccottet) --</subfield><subfield code='t'>Édifier les débris (Pierre Chappuis) --</subfield><subfield code='t'>Sentiment-paysage (François Cheng) --</subfield><subfield code='t'>Ouvrir le chant (André Velter).</subfield></datafield><datafield ind1=' ' ind2='1' tag='264'><subfield code='a'>[Paris] :</subfield><subfield code='b'>Éditions Corti,</subfield><subfield code='c'>[2019]</subfield></datafield><datafield ind1=' ' ind2='4' tag='264'><subfield code='c'>2019</subfield></datafield><datafield ind1=' ' ind2=' ' tag='300'><subfield code='a'>355 pages ;</subfield><subfield code='c'>22 cm.</subfield></datafield><datafield ind1=' ' ind2=' ' tag='336'><subfield code='a'>text</subfield><subfield code='b'>txt</subfield><subfield code='2'>rdacontent</subfield></datafield><datafield ind1=' ' ind2=' ' tag='337'><subfield code='a'>unmediated</subfield><subfield code='b'>n</subfield><subfield code='2'>rdamedia</subfield></datafield><datafield ind1=' ' ind2=' ' tag='338'><subfield code='a'>volume</subfield><subfield code='b'>nc</subfield><subfield code='2'>rdacarrier</subfield></datafield><datafield ind1='1' ind2=' ' tag='490'><subfield code='a'>Les essais</subfield></datafield><datafield ind1=' ' ind2='0' tag='830'><subfield code='a'>Essais (José Corti (Firm))</subfield></datafield><datafield ind1='1' ind2='3' tag='245'><subfield code='a'>Le chant du monde :</subfield><subfield code='b'>dans la poésie française contemporaine /</subfield><subfield code='c'>Michel Collot.</subfield></datafield><datafield ind1=' ' ind2=' ' tag='040'><subfield code='a'>Fr-PaAMA</subfield><subfield code='b'>eng</subfield><subfield code='e'>rda</subfield></datafield><datafield ind1=' ' ind2=' ' tag='043'><subfield code='a'>e-fr---</subfield></datafield><datafield ind1=' ' ind2='4' tag='050'><subfield code='a'>PQ443</subfield><subfield code='b'>.C567 2019</subfield></datafield><datafield ind1=' ' ind2='4' tag='908'><subfield code='a'>PQ443</subfield><subfield code='b'>.C567 2019</subfield></datafield><datafield ind1=' ' ind2=' ' tag='901'><subfield code='a'>AUXAM</subfield></datafield><datafield ind1='0' ind2='0' tag='907'><subfield code='a'>.b217567824</subfield></datafield><datafield ind1=' ' ind2=' ' tag='035'><subfield code='a'>(OCoLC)1088323785</subfield></datafield><datafield ind1=' ' ind2=' ' tag='901'><subfield code='a'>7ac190e5-def5-4b6e-bcb7-5d7e8225d7de</subfield><subfield code='b'>25</subfield><subfield code='c'>false</subfield></datafield><datafield ind1='8' ind2=' ' tag='852'><subfield code='h'>ReCAP 19-61171</subfield><subfield code='0'>9788733</subfield><subfield code='b'>scsbnypl</subfield></datafield><datafield ind1=' ' ind2=' ' tag='876'><subfield code='0'>9788733</subfield><subfield code='a'>15490341</subfield><subfield code='j'>Available</subfield><subfield code='p'>33433123016754</subfield><subfield code='t'>1</subfield><subfield code='x'>Open</subfield><subfield code='z'>NA</subfield><subfield code='l'>RECAP</subfield></datafield></record>