
<record><leader>00980cam a2200301   4500</leader><controlfield tag='001'>SCSB-3261762</controlfield><controlfield tag='003'>NNC</controlfield><controlfield tag='005'>20220608205444.0</controlfield><controlfield tag='008'>740604s1974    fr            000 0afre  </controlfield><controlfield tag='009'>1662428</controlfield><datafield ind1=' ' ind2=' ' tag='010'><subfield code='a'>   74166611 </subfield></datafield><datafield ind1=' ' ind2=' ' tag='015'><subfield code='a'>F***</subfield></datafield><datafield ind1=' ' ind2=' ' tag='035'><subfield code='a'>(OCoLC)ocm00948432</subfield></datafield><datafield ind1=' ' ind2=' ' tag='035'><subfield code='9'>AKS6615CU</subfield></datafield><datafield ind1=' ' ind2=' ' tag='035'><subfield code='a'>(NNC)1662428</subfield></datafield><datafield ind1=' ' ind2=' ' tag='035'><subfield code='a'>1662428</subfield></datafield><datafield ind1=' ' ind2=' ' tag='040'><subfield code='a'>DLC</subfield><subfield code='c'>DLC</subfield><subfield code='d'>ZCU</subfield></datafield><datafield ind1='0' ind2='0' tag='050'><subfield code='a'>PQ2667.R464</subfield><subfield code='b'>C5</subfield></datafield><datafield ind1='1' ind2=' ' tag='100'><subfield code='a'>Grenier, Jean-Pierre.</subfield><subfield code='0'>http://id.loc.gov/authorities/names/n93028458</subfield></datafield><datafield ind1='1' ind2='3' tag='245'><subfield code='a'>Le cheval fou (Le chant du monde). :</subfield><subfield code='b'>Adaptation scénique de Jean-Pierre Grenier /</subfield><subfield code='c'>Préf. de Pierre-Aimé Touchard.</subfield></datafield><datafield ind1=' ' ind2=' ' tag='260'><subfield code='a'>[Paris] :</subfield><subfield code='b'>Gallimard,</subfield><subfield code='c'>[1974]</subfield></datafield><datafield ind1=' ' ind2=' ' tag='300'><subfield code='a'>78 pages ;</subfield><subfield code='c'>17 cm.</subfield></datafield><datafield ind1=' ' ind2=' ' tag='336'><subfield code='a'>text</subfield><subfield code='b'>txt</subfield><subfield code='2'>rdacontent</subfield></datafield><datafield ind1=' ' ind2=' ' tag='337'><subfield code='a'>unmediated</subfield><subfield code='b'>n</subfield><subfield code='2'>rdamedia</subfield></datafield><datafield ind1='1' ind2=' ' tag='490'><subfield code='a'>Le Manteau d&apos;Arlequin</subfield></datafield><datafield ind1='1' ind2=' ' tag='700'><subfield code='a'>Giono, Jean,</subfield><subfield code='d'>1895-1970.</subfield><subfield code='t'>Chant du monde.</subfield></datafield><datafield ind1=' ' ind2='0' tag='830'><subfield code='a'>Manteau d&apos;Arlequin.</subfield><subfield code='0'>http://id.loc.gov/authorities/names/n42028515</subfield></datafield><datafield ind1=' ' ind2=' ' tag='901'><subfield code='a'>370f9b53-210e-452f-a367-9f642fc199f6</subfield><subfield code='b'>13</subfield><subfield code='c'>false</subfield></datafield><datafield ind1='0' ind2='0' tag='852'><subfield code='h'>PQ2667.R464 C5</subfield><subfield code='0'>3247822</subfield><subfield code='b'>scsbcul</subfield></datafield><datafield ind1=' ' ind2=' ' tag='876'><subfield code='0'>3247822</subfield><subfield code='a'>4956931</subfield><subfield code='h'> </subfield><subfield code='j'>Available</subfield><subfield code='p'>CU53220544</subfield><subfield code='t'>1</subfield><subfield code='x'>Shared</subfield><subfield code='z'>CU</subfield><subfield code='l'>RECAP</subfield></datafield></record>