
<record><leader>00868cam a2200265   4500</leader><controlfield tag='001'>SCSB-7231960</controlfield><controlfield tag='005'>20000629171130.0</controlfield><controlfield tag='008'>750520s1974    fr            00| 0|fre| </controlfield><controlfield tag='009'>.b102469313</controlfield><datafield ind1=' ' ind2=' ' tag='010'><subfield code='a'>74166611</subfield></datafield><datafield ind1=' ' ind2=' ' tag='040'><subfield code='c'>NN</subfield><subfield code='d'>NN</subfield><subfield code='d'>WaOLN</subfield></datafield><datafield ind1=' ' ind2='0' tag='050'><subfield code='a'>PQ2667.R464</subfield><subfield code='b'>C5</subfield></datafield><datafield ind1='1' ind2=' ' tag='100'><subfield code='a'>Grenier, Jean-Pierre.</subfield></datafield><datafield ind1='1' ind2='3' tag='245'><subfield code='a'>Le cheval fou (Le chant du monde).</subfield><subfield code='b'>Adaptation scénique de Jean-Pierre Grenier. Préf. de Pierre-Aimé Touchard.</subfield></datafield><datafield ind1=' ' ind2=' ' tag='260'><subfield code='a'>[Paris]</subfield><subfield code='b'>Gallimard</subfield><subfield code='c'>[1974]</subfield></datafield><datafield ind1=' ' ind2=' ' tag='300'><subfield code='a'>78 p.</subfield><subfield code='c'>17 cm.</subfield></datafield><datafield ind1=' ' ind2=' ' tag='490'><subfield code='a'>Le Manteau d&apos;Arlequin.</subfield></datafield><datafield ind1=' ' ind2='0' tag='650'><subfield code='a'>French drama.</subfield></datafield><datafield ind1='1' ind2=' ' tag='700'><subfield code='a'>Giono, Jean,</subfield><subfield code='d'>1895-1970.</subfield><subfield code='t'>Chant du monde.</subfield></datafield><datafield ind1=' ' ind2=' ' tag='907'><subfield code='a'>.b102469313</subfield><subfield code='c'>m</subfield><subfield code='d'>a</subfield><subfield code='e'>-</subfield><subfield code='f'>fre</subfield><subfield code='g'>fr</subfield><subfield code='h'>3</subfield><subfield code='i'>1</subfield></datafield><datafield ind1=' ' ind2=' ' tag='991'><subfield code='y'>948432</subfield></datafield><datafield ind1=' ' ind2=' ' tag='035'><subfield code='a'>(OCoLC)948432</subfield></datafield><datafield ind1=' ' ind2=' ' tag='901'><subfield code='a'>370f9b53-210e-452f-a367-9f642fc199f6</subfield><subfield code='b'>13</subfield><subfield code='c'>false</subfield></datafield><datafield ind1='8' ind2=' ' tag='852'><subfield code='h'>JFB 75-185</subfield><subfield code='0'>7327582</subfield><subfield code='b'>scsbnypl</subfield></datafield><datafield ind1=' ' ind2=' ' tag='876'><subfield code='0'>7327582</subfield><subfield code='a'>11957702</subfield><subfield code='j'>Available</subfield><subfield code='p'>33433005125541</subfield><subfield code='t'>1</subfield><subfield code='x'>Open</subfield><subfield code='z'>NA</subfield><subfield code='l'>RECAP</subfield></datafield></record>