
<record><leader>00994cam a2200277 a 4500</leader><controlfield tag='001'>SCSB-7888447</controlfield><controlfield tag='003'>FrPAAL</controlfield><controlfield tag='005'>20131028.0</controlfield><controlfield tag='008'>131028s2013    fr     g b    001 0 fre d</controlfield><controlfield tag='009'>.b199910194</controlfield><datafield ind1=' ' ind2=' ' tag='020'><subfield code='a'>9782343015132 (pbk.) :</subfield><subfield code='c'>25,00 EUR</subfield></datafield><datafield ind1=' ' ind2=' ' tag='040'><subfield code='a'>FrPAAL</subfield><subfield code='b'>eng</subfield></datafield><datafield ind1='0' ind2='4' tag='050'><subfield code='a'>PQ2613.I57</subfield><subfield code='b'>C573 2013</subfield></datafield><datafield ind1='1' ind2=' ' tag='100'><subfield code='a'>Savignac, Jean-Paul.</subfield></datafield><datafield ind1='1' ind2='3' tag='245'><subfield code='a'>Le temps dans Le chant du monde de Jean Giono :</subfield><subfield code='b'>le lichen et le scarabée : scholies /</subfield><subfield code='c'>Jean-Paul Savignac.</subfield></datafield><datafield ind1=' ' ind2=' ' tag='260'><subfield code='a'>Paris :</subfield><subfield code='b'>Harmattan,</subfield><subfield code='c'>c2013.</subfield></datafield><datafield ind1=' ' ind2=' ' tag='300'><subfield code='a'>242 p. ;</subfield><subfield code='c'>22 cm.</subfield></datafield><datafield ind1='1' ind2=' ' tag='490'><subfield code='a'>Critiques littéraires</subfield></datafield><datafield ind1=' ' ind2=' ' tag='504'><subfield code='a'>Includes bibliographical references (p. [233]-239) and index.</subfield></datafield><datafield ind1='1' ind2='0' tag='600'><subfield code='a'>Giono, Jean,</subfield><subfield code='d'>1895-1970.</subfield><subfield code='t'>Chant du monde.</subfield></datafield><datafield ind1=' ' ind2='0' tag='650'><subfield code='a'>Time in literature.</subfield></datafield><datafield ind1=' ' ind2='0' tag='830'><subfield code='a'>Critiques littéraires.</subfield></datafield><datafield ind1=' ' ind2=' ' tag='907'><subfield code='a'>.b199910194</subfield><subfield code='c'>m</subfield><subfield code='d'>a</subfield><subfield code='e'>a</subfield><subfield code='f'>fre</subfield><subfield code='g'>fr</subfield><subfield code='h'>3</subfield><subfield code='i'>1</subfield></datafield><datafield ind1=' ' ind2=' ' tag='035'><subfield code='a'>(OCoLC)862708780</subfield></datafield><datafield ind1=' ' ind2=' ' tag='901'><subfield code='a'>ba26a75f-6ba4-4617-a39c-80b151fa8ebd</subfield><subfield code='b'>25</subfield><subfield code='c'>false</subfield></datafield><datafield ind1='8' ind2=' ' tag='852'><subfield code='h'>ReCAP 13-54163</subfield><subfield code='0'>8029053</subfield><subfield code='b'>scsbnypl</subfield></datafield><datafield ind1=' ' ind2=' ' tag='876'><subfield code='0'>8029053</subfield><subfield code='a'>13221164</subfield><subfield code='j'>Available</subfield><subfield code='p'>33433111253377</subfield><subfield code='t'>1</subfield><subfield code='x'>Shared</subfield><subfield code='z'>NA</subfield><subfield code='l'>RECAP</subfield></datafield></record>