
<record><leader>00000cam a22004338a 4500</leader><controlfield tag='001'>SCSB-11396989</controlfield><controlfield tag='005'>20130625131349.0</controlfield><controlfield tag='008'>121101s2013    quc           000 p eng  </controlfield><controlfield tag='009'>990136316350203941</controlfield><datafield ind1=' ' ind2=' ' tag='016'><subfield code='a'>20129072796</subfield></datafield><datafield ind1='7' ind2=' ' tag='016'><subfield code='a'>016269950</subfield><subfield code='2'>Uk</subfield></datafield><datafield ind1=' ' ind2=' ' tag='020'><subfield code='a'>9780773541702</subfield></datafield><datafield ind1=' ' ind2=' ' tag='020'><subfield code='a'>0773541705</subfield></datafield><datafield ind1=' ' ind2=' ' tag='035'><subfield code='a'>(OCoLC)816764821</subfield></datafield><datafield ind1=' ' ind2=' ' tag='040'><subfield code='a'>NLC</subfield><subfield code='b'>eng</subfield><subfield code='c'>NLC</subfield><subfield code='d'>OCLCO</subfield><subfield code='d'>YDXCP</subfield><subfield code='d'>BTCTA</subfield><subfield code='d'>UKMGB</subfield><subfield code='d'>CDX</subfield><subfield code='d'>BWX</subfield><subfield code='d'>NYP</subfield></datafield><datafield ind1=' ' ind2='4' tag='050'><subfield code='a'>PR9199.3.S2675</subfield><subfield code='b'>W39 2013</subfield></datafield><datafield ind1='0' ind2='4' tag='082'><subfield code='a'>C811/.54</subfield><subfield code='2'>23</subfield></datafield><datafield ind1='1' ind2=' ' tag='100'><subfield code='a'>Schönmaier, Eleonore</subfield></datafield><datafield ind1='1' ind2='0' tag='245'><subfield code='a'>Wavelengths of your song /</subfield><subfield code='c'>Eleonore Schönmaier.</subfield></datafield><datafield ind1=' ' ind2=' ' tag='260'><subfield code='a'>Montréal :</subfield><subfield code='b'>McGill-Queen&apos;s University Press,</subfield><subfield code='c'>2013.</subfield></datafield><datafield ind1=' ' ind2=' ' tag='300'><subfield code='a'>177 p. ;</subfield><subfield code='c'>20 cm.</subfield></datafield><datafield ind1='1' ind2=' ' tag='490'><subfield code='a'>Hugh MacLennan poetry series,</subfield><subfield code='x'>1481-966X ;</subfield><subfield code='v'>26</subfield></datafield><datafield ind1=' ' ind2=' ' tag='500'><subfield code='a'>Poems.</subfield></datafield><datafield ind1=' ' ind2=' ' tag='504'><subfield code='a'>Includes bibliographical references: pages 175-177.</subfield></datafield><datafield ind1=' ' ind2=' ' tag='520'><subfield code='a'>Intuitive environmentalism from the Canadian North is carried forth into creative global adventuring.</subfield></datafield><datafield ind1='0' ind2='0' tag='505'><subfield code='g'>Machine generated contents note:</subfield><subfield code='t'>Night after Night She Dreams --</subfield><subfield code='t'>Survival --</subfield><subfield code='t'>Lost --</subfield><subfield code='t'>-40°C --</subfield><subfield code='t'>Libretto --</subfield><subfield code='t'>Wavelengths of Your Song --</subfield><subfield code='t'>Dining on Light --</subfield><subfield code='t'>Routes for Finding Colours --</subfield><subfield code='t'>Aurora --</subfield><subfield code='t'>Copper Thunderbird --</subfield><subfield code='t'>Birds --</subfield><subfield code='t'>Malta --</subfield><subfield code='t'>Gnawing --</subfield><subfield code='t'>Tracks --</subfield><subfield code='t'>Knot --</subfield><subfield code='t'>The Doorbell --</subfield><subfield code='t'>Sixteen --</subfield><subfield code='t'>A Woman at Forty-Nine Seeks the Shore --</subfield><subfield code='t'>Knowing --</subfield><subfield code='t'>Beachcombing --</subfield><subfield code='t'>As If --</subfield><subfield code='t'>Mouths --</subfield><subfield code='t'>Panorama --</subfield><subfield code='t'>North American Ballads --</subfield><subfield code='t'>Men --</subfield><subfield code='t'>Geology --</subfield><subfield code='t'>Gardening --</subfield><subfield code='t'>Blindness --</subfield><subfield code='t'>Migrations --</subfield><subfield code='t'>We&apos;re Cycling --</subfield><subfield code='t'>New Year&apos;s Eve --</subfield><subfield code='t'>Postcards --</subfield><subfield code='t'>The Dangers Inherent in Travel --</subfield><subfield code='t'>Isotopes --</subfield><subfield code='t'>South Pacific --</subfield><subfield code='t'>Kiwi Spotting --</subfield><subfield code='t'>Journey --</subfield><subfield code='t'>Music --</subfield><subfield code='t'>The Abandoned Warehouse --</subfield><subfield code='t'>The Most Important Things --</subfield><subfield code='t'>Tango --</subfield><subfield code='t'>The Shirt --</subfield><subfield code='t'>Urban --</subfield><subfield code='t'>Evening --</subfield><subfield code='t'>While Reading Eva Hoffman&apos;s Illuminations --</subfield><subfield code='t'>Crematorium --</subfield><subfield code='t'>The Pear Tree --</subfield><subfield code='t'>The Grandparents&apos; House --</subfield><subfield code='t'>Mary --</subfield><subfield code='t'>Too Much Goodness --</subfield><subfield code='t'>Mandel --</subfield><subfield code='t'>Seeds --</subfield><subfield code='t'>Lorna Talks, to Jacob at the River&apos;s Edge --</subfield><subfield code='t'>Saxifraga --</subfield><subfield code='t'>The Meaning of --</subfield><subfield code='t'>Thebes --</subfield><subfield code='t'>Weightless --</subfield><subfield code='t'>Anniversary --</subfield><subfield code='t'>Origami --</subfield><subfield code='t'>What Gets Blown In --</subfield><subfield code='t'>Kandinsky --</subfield><subfield code='t'>The Sandbox --</subfield><subfield code='t'>Kafka --</subfield><subfield code='t'>Unknown Tongues --</subfield><subfield code='t'>Symphony in E Major --</subfield><subfield code='t'>Undertones --</subfield><subfield code='t'>Metronome --</subfield><subfield code='t'>Felt --</subfield><subfield code='t'>Bathing of the Black Horse --</subfield><subfield code='t'>Leaf --</subfield><subfield code='t'>What Does the Wind Taste Like When It Comes too Early or too Late? --</subfield><subfield code='t'>Apples --</subfield><subfield code='t'>Upside-Down Dante --</subfield><subfield code='t'>Swash Marks --</subfield><subfield code='t'>Silver Anniversary --</subfield><subfield code='t'>Sustain --</subfield><subfield code='t'>Thanksgiving --</subfield><subfield code='t'>Solar Plexus --</subfield><subfield code='t'>Fever --</subfield><subfield code='t'>Wild --</subfield><subfield code='t'>Globe --</subfield><subfield code='t'>Sometimes --</subfield><subfield code='t'>Einstein --</subfield><subfield code='t'>Time --</subfield><subfield code='t'>Of Jumping Frogs --</subfield><subfield code='t'>Mareile --</subfield><subfield code='t'>Stuff --</subfield><subfield code='t'>Vancouver --</subfield><subfield code='t'>Dollhoused --</subfield><subfield code='t'>The City Forest --</subfield><subfield code='t'>Telepathy --</subfield><subfield code='t'>Remembering the Curve of the Earth --</subfield><subfield code='t'>Safely --</subfield><subfield code='t'>Frankfurt, October.</subfield></datafield><datafield ind1=' ' ind2='0' tag='650'><subfield code='a'>Deep ecology</subfield><subfield code='v'>Poetry.</subfield></datafield><datafield ind1=' ' ind2='0' tag='650'><subfield code='a'>Nature</subfield><subfield code='v'>Poetry</subfield></datafield><datafield ind1=' ' ind2='7' tag='655'><subfield code='a'>Poetry</subfield><subfield code='2'>fast</subfield></datafield><datafield ind1=' ' ind2='0' tag='830'><subfield code='a'>Hugh MacLennan poetry series</subfield><subfield code='v'>26.</subfield></datafield><datafield ind1='1' ind2=' ' tag='583'><subfield code='a'>committed to retain</subfield><subfield code='c'>20181001</subfield><subfield code='d'>in perpetuity</subfield><subfield code='f'>ReCAP Shared Collection</subfield><subfield code='5'>HUL</subfield><subfield code='8'>222148505020003941</subfield></datafield><datafield ind1='0' ind2=' ' tag='852'><subfield code='c'>HD</subfield><subfield code='h'>PR9199.3.S2675</subfield><subfield code='i'>W39 2013</subfield><subfield code='0'>12204602</subfield><subfield code='b'>scsbhl</subfield></datafield><datafield ind1=' ' ind2=' ' tag='876'><subfield code='0'>12204602</subfield><subfield code='a'>17972394</subfield><subfield code='h'> </subfield><subfield code='j'>Available</subfield><subfield code='k'>WID</subfield><subfield code='p'>32044127190031</subfield><subfield code='x'>Shared</subfield><subfield code='z'>HW</subfield><subfield code='l'>HD</subfield></datafield></record>