
<record><leader>01248cam a2200361 a 4500</leader><controlfield tag='001'>SCSB-2878036</controlfield><controlfield tag='003'>NNC</controlfield><controlfield tag='005'>20220601191741.0</controlfield><controlfield tag='008'>910719t19911991mau      b    001 0 eng  </controlfield><controlfield tag='009'>998062</controlfield><datafield ind1=' ' ind2=' ' tag='010'><subfield code='a'>   91007835 </subfield></datafield><datafield ind1=' ' ind2=' ' tag='020'><subfield code='a'>0805776257 (alk. paper)</subfield></datafield><datafield ind1=' ' ind2=' ' tag='035'><subfield code='a'>(OCoLC)23144244</subfield></datafield><datafield ind1=' ' ind2=' ' tag='035'><subfield code='a'>(OCoLC)ocm23144244</subfield></datafield><datafield ind1=' ' ind2=' ' tag='035'><subfield code='a'>(CStRLIN)NYCG91-B67401</subfield></datafield><datafield ind1=' ' ind2=' ' tag='035'><subfield code='9'>AFL9214CU</subfield></datafield><datafield ind1=' ' ind2=' ' tag='035'><subfield code='a'>(NNC)998062</subfield></datafield><datafield ind1=' ' ind2=' ' tag='035'><subfield code='a'>998062</subfield></datafield><datafield ind1=' ' ind2=' ' tag='040'><subfield code='a'>DLC</subfield><subfield code='c'>DLC</subfield><subfield code='d'>DLC</subfield></datafield><datafield ind1='0' ind2='0' tag='050'><subfield code='a'>PS712</subfield><subfield code='b'>.R6 1991</subfield></datafield><datafield ind1='0' ind2='0' tag='082'><subfield code='a'>811/.1</subfield><subfield code='2'>20</subfield></datafield><datafield ind1=' ' ind2=' ' tag='090'><subfield code='a'>PS712</subfield><subfield code='b'>.R6 1991</subfield></datafield><datafield ind1='1' ind2=' ' tag='100'><subfield code='a'>Rosenmeier, Rosamond,</subfield><subfield code='d'>1928-2011.</subfield><subfield code='0'>http://id.loc.gov/authorities/names/n88202382</subfield></datafield><datafield ind1='1' ind2='0' tag='245'><subfield code='a'>Anne Bradstreet revisited /</subfield><subfield code='c'>Rosamond Rosenmeier.</subfield></datafield><datafield ind1=' ' ind2=' ' tag='260'><subfield code='a'>Boston :</subfield><subfield code='b'>Twayne Publishers,</subfield><subfield code='c'>[1991], ©1991.</subfield></datafield><datafield ind1=' ' ind2=' ' tag='300'><subfield code='a'>xvi, 174 pages ;</subfield><subfield code='c'>23 cm.</subfield></datafield><datafield ind1=' ' ind2=' ' tag='336'><subfield code='a'>text</subfield><subfield code='2'>rdacontent</subfield></datafield><datafield ind1=' ' ind2=' ' tag='337'><subfield code='a'>unmediated</subfield><subfield code='2'>rdamedia</subfield></datafield><datafield ind1=' ' ind2=' ' tag='338'><subfield code='a'>volume</subfield><subfield code='2'>rdacarrier</subfield></datafield><datafield ind1='1' ind2=' ' tag='490'><subfield code='a'>Twayne&apos;s United States authors series ;</subfield><subfield code='v'>TUSAS 580</subfield></datafield><datafield ind1=' ' ind2=' ' tag='504'><subfield code='a'>Includes bibliographical references (p. 157-170) and index.</subfield></datafield><datafield ind1='1' ind2='0' tag='600'><subfield code='a'>Bradstreet, Anne,</subfield><subfield code='d'>1612?-1672</subfield><subfield code='x'>Criticism and interpretation.</subfield></datafield><datafield ind1=' ' ind2='0' tag='830'><subfield code='a'>Twayne&apos;s United States authors series ;</subfield><subfield code='v'>TUSAS 580.</subfield><subfield code='0'>http://id.loc.gov/authorities/names/n83702482</subfield></datafield><datafield ind1='0' ind2='0' tag='852'><subfield code='h'>PS712 .R6 1991</subfield><subfield code='0'>2855632</subfield><subfield code='b'>scsbcul</subfield></datafield><datafield ind1=' ' ind2=' ' tag='876'><subfield code='0'>2855632</subfield><subfield code='a'>4496566</subfield><subfield code='h'> </subfield><subfield code='j'>Available</subfield><subfield code='p'>CU73368229</subfield><subfield code='t'>1</subfield><subfield code='x'>Shared</subfield><subfield code='z'>CU</subfield><subfield code='l'>RECAP</subfield></datafield></record>