
<record><leader>00000cam a2200313 a 4500</leader><controlfield tag='001'>SCSB-10569156</controlfield><controlfield tag='005'>20100621191609.0</controlfield><controlfield tag='008'>091022s2010    mau      b    000 0 eng  </controlfield><controlfield tag='009'>990123242330203941</controlfield><datafield ind1=' ' ind2=' ' tag='010'><subfield code='a'>^^2009043185</subfield></datafield><datafield ind1=' ' ind2=' ' tag='020'><subfield code='a'>9780674050273 (pbk.)</subfield></datafield><datafield ind1=' ' ind2=' ' tag='020'><subfield code='a'>0674050274 (pbk.)</subfield></datafield><datafield ind1=' ' ind2=' ' tag='035'><subfield code='a'>(OCoLC)456170270</subfield><subfield code='z'>(OCoLC)123068403</subfield><subfield code='z'>(OCoLC)1466772308</subfield></datafield><datafield ind1=' ' ind2=' ' tag='040'><subfield code='a'>DLC</subfield><subfield code='c'>DLC</subfield><subfield code='d'>YDX</subfield><subfield code='d'>CDX</subfield><subfield code='d'>YDXCP</subfield></datafield><datafield ind1='0' ind2='0' tag='050'><subfield code='a'>PS711</subfield><subfield code='b'>.A1 2010</subfield></datafield><datafield ind1='0' ind2='0' tag='082'><subfield code='a'>811/.1</subfield><subfield code='2'>22</subfield></datafield><datafield ind1='1' ind2=' ' tag='100'><subfield code='a'>Bradstreet, Anne,</subfield><subfield code='d'>1612?-1672</subfield></datafield><datafield ind1='1' ind2='4' tag='245'><subfield code='a'>The works of Anne Bradstreet /</subfield><subfield code='c'>edited by Jeannine Hensley ; foreword by Adrienne Rich.</subfield></datafield><datafield ind1='3' ind2=' ' tag='246'><subfield code='a'>Anne Bradstreet</subfield></datafield><datafield ind1=' ' ind2=' ' tag='260'><subfield code='a'>Cambridge, Mass. :</subfield><subfield code='b'>The Belknap Press of Harvard University Press,</subfield><subfield code='c'>c2010.</subfield></datafield><datafield ind1=' ' ind2=' ' tag='300'><subfield code='a'>li, 327 p. ;</subfield><subfield code='c'>21 cm.</subfield></datafield><datafield ind1='1' ind2=' ' tag='490'><subfield code='a'>John Harvard library</subfield></datafield><datafield ind1=' ' ind2=' ' tag='504'><subfield code='a'>Includes bibliographical references.</subfield></datafield><datafield ind1='0' ind2=' ' tag='505'><subfield code='a'>Anne Bradstreet and her poetry / Adrienne Rich -- Anne Bradstreet&apos;s Wreath of Thyme / Jeannine Hensley -- Note on the text -- Chronology of Anne Bradstreet&apos;s life -- Works Of Anne Bradstreet: -- Poems printed in the first two editions -- Epistle to the reader / John Woodbridge -- Introductory verses / Nathaniel Ward -- John Rogers, and others -- To her most honoured father -- Prologue -- Four elements -- Of the four humours -- Of the four ages -- Four seasons -- Four Monarchies -- Assyrian being the first -- Second monarchy, being the Persian -- Third monarch, being the Grecian -- Roman monarchy, being the fourth -- Dialogue between old England and new -- Elegy upon Sir Philip Sidney -- In honour of Du Bartas -- In honour of Queen Elizabeth -- David&apos;s Lamentation -- To the memory of Thomas Dudley esq -- Epitaph on Mrs Dorothy Dudley -- Contemplations -- Flesh and the spirit -- Vanity of all worldly things -- Author to her book -- Poems inserted posthumously in the 1678 edition --^</subfield></datafield><datafield ind1='0' ind2=' ' tag='505'><subfield code='a'>Upon a fit of sickness -- Upon some distemper of body -- Before the birth of one of her children -- To my dear and loving husband -- Letter to her husband -- Another -- Another -- To her father with some verses -- In reference to her children -- In memory of Elizabeth Bradstreet -- In memory of Anne Bradstreet -- On Simon Bradstreet -- In memory of Mrs Mercy Bradstreet -- Andover manuscripts, first printed 1867 -- To my dear children -- Occasional mediations -- By night when other soundly slept -- For deliverance from a fever -- From another sore fit -- Deliverance from a fit of fainting -- Meditations -- July 8, 1656 -- August 28, 1656 -- May 11, 1657 -- May 13, 1657 -- September 30, 1657 -- Upon my son Samuel -- May 11, 1661 -- For the restoration of my dear husband -- Upon my daughter Hannah Wiggin -- On my son&apos;s return -- Upon my dear and loving husband -- In my solitary hours -- In thankful acknowledgment -- In thankful remembrance -- For my dear son Simon Bradstreet --^</subfield></datafield><datafield ind1='0' ind2=' ' tag='505'><subfield code='a'>Meditations divine and moral -- Upon the burning of our house -- As weary pilgrim -- Selected bibliography.</subfield></datafield><datafield ind1=' ' ind2=' ' tag='520'><subfield code='a'>Synopsis: Anne Bradstreet, the first true poet in the American colonies, wrote at a time and in a place where any literary creation was rare and difficult and that of a woman more unusual still. Born in England and brought up in the household of the Earl of Lincoln where her father, Thomas Dudley, was steward, Anne Bradstreet sailed to Massachusetts Bay in 1630, shortly after her marriage at sixteen to Simon Bradstreet. For the next forty years she lived in the New England wilderness, raising a family of eight, combating sickness and hardship, and writing the verse that made her, as the poet Adrienne Rich says in her Foreword to this edition, &quot;the first non-didactic American poet, the first to give an embodiment to American nature, the first in whom personal intention appears to precede Puritan dogma as an impulse to verse.&quot; All Anne Bradstreet&apos;s extant poetry and prose is published here with modernized spelling and punctuation.^</subfield></datafield><datafield ind1=' ' ind2=' ' tag='520'><subfield code='a'>This volume reproduces the second edition of Several Poems, brought out in Boston in 1678, as well as the contents of a manuscript first printed in 1857. Adrienne Rich&apos;s Foreword offers a sensitive and illuminating critique of Anne Bradstreet both as a person and as a writer, and the Introduction, scholarly notes, and appendices by Jeannine Hensley make this an authoritative edition. Adrienne Rich observes, &quot;Intellectual intensity among women gave cause for uneasiness&quot; at this period - a fact borne out by the lines in the Prologue to the early poems: &quot;I am obnoxious to each carping tongue/ Who says my hand a needle better fits.&quot; The broad scope of Anne Bradstreet&apos;s own learning and reading is most evident in the literary and historical allusions of The Tenth Muse, the first edition of her poems, published in London in 1650.^</subfield></datafield><datafield ind1=' ' ind2=' ' tag='520'><subfield code='a'>Her later verse and her prose meditations strike a more personal note, however, and reveal both a passionate religious sense and a depth of feeling for her husband, her children, the fears and disappointments she constantly faced, and the consoling power of nature. Imbued with a Puritan striving to turn all events to the glory of God, these writings bear the mark of a woman of strong spirit, charm, delicacy, and wit: in their intimate and meditative quality Anne Bradstreet is established as a poet of sensibility and permanent stature.</subfield></datafield><datafield ind1='1' ind2='0' tag='600'><subfield code='a'>Brackenridge, H. H.</subfield><subfield code='q'>(Hugh Henry),</subfield><subfield code='d'>1748-1816</subfield></datafield><datafield ind1=' ' ind2='7' tag='655'><subfield code='a'>Literature</subfield><subfield code='2'>lcgft</subfield></datafield><datafield ind1=' ' ind2='7' tag='655'><subfield code='a'>Littérature.</subfield><subfield code='2'>rvmgf</subfield></datafield><datafield ind1='1' ind2=' ' tag='700'><subfield code='a'>Hensley, Jeannine.</subfield></datafield><datafield ind1='0' ind2='8' tag='776'><subfield code='i'>Online version:</subfield><subfield code='a'>Bradstreet, Anne, 1612?-1672.</subfield><subfield code='t'>Works of Anne Bradstreet.</subfield><subfield code='d'>Cambridge, Mass. : The Belknap Press of Harvard University Press, 2010</subfield><subfield code='w'>(OCoLC)761376830</subfield></datafield><datafield ind1=' ' ind2='0' tag='830'><subfield code='a'>John Harvard library</subfield></datafield><datafield ind1='1' ind2=' ' tag='583'><subfield code='a'>committed to retain</subfield><subfield code='c'>20181001</subfield><subfield code='d'>in perpetuity</subfield><subfield code='f'>ReCAP Shared Collection</subfield><subfield code='5'>HUL</subfield><subfield code='8'>222133552060003941</subfield></datafield><datafield ind1='0' ind2=' ' tag='852'><subfield code='c'>HD</subfield><subfield code='h'>PS711</subfield><subfield code='i'>.A1 2010</subfield><subfield code='0'>11352544</subfield><subfield code='b'>scsbhl</subfield></datafield><datafield ind1=' ' ind2=' ' tag='876'><subfield code='0'>11352544</subfield><subfield code='a'>17087132</subfield><subfield code='h'> </subfield><subfield code='j'>Available</subfield><subfield code='k'>WID</subfield><subfield code='p'>32044112796859</subfield><subfield code='x'>Shared</subfield><subfield code='z'>HW</subfield><subfield code='l'>HD</subfield></datafield></record>