
<record><leader>01047cam a2200313 a 4500</leader><controlfield tag='001'>SCSB-2337195</controlfield><controlfield tag='003'>NNC</controlfield><controlfield tag='005'>20220518225806.0</controlfield><controlfield tag='008'>841029s1967    mau           000 0 eng d</controlfield><controlfield tag='009'>268532</controlfield><datafield ind1=' ' ind2=' ' tag='010'><subfield code='a'>   81081812 </subfield></datafield><datafield ind1=' ' ind2=' ' tag='020'><subfield code='a'>067495999X</subfield></datafield><datafield ind1=' ' ind2=' ' tag='035'><subfield code='a'>(OCoLC)19571440</subfield></datafield><datafield ind1=' ' ind2=' ' tag='035'><subfield code='a'>(OCoLC)ocm19571440</subfield></datafield><datafield ind1=' ' ind2=' ' tag='035'><subfield code='a'>(CStRLIN)NYCG84-B73695</subfield></datafield><datafield ind1=' ' ind2=' ' tag='035'><subfield code='9'>ABE2238CU</subfield></datafield><datafield ind1=' ' ind2=' ' tag='035'><subfield code='a'>(NNC)268532</subfield></datafield><datafield ind1=' ' ind2=' ' tag='035'><subfield code='a'>268532</subfield></datafield><datafield ind1=' ' ind2=' ' tag='040'><subfield code='a'>CSalH</subfield><subfield code='c'>CSalH</subfield><subfield code='d'>NNC</subfield></datafield><datafield ind1=' ' ind2=' ' tag='090'><subfield code='a'>PS711</subfield><subfield code='b'>.A1 1967g</subfield></datafield><datafield ind1='1' ind2=' ' tag='100'><subfield code='a'>Bradstreet, Anne,</subfield><subfield code='d'>1612?-1672.</subfield><subfield code='0'>http://id.loc.gov/authorities/names/n79145303</subfield></datafield><datafield ind1='1' ind2='4' tag='245'><subfield code='a'>The works of Anne Bradstreet /</subfield><subfield code='c'>Edited by Jeannine Hensley. Foreword by Adrienne Rich.</subfield></datafield><datafield ind1=' ' ind2=' ' tag='260'><subfield code='a'>Cambridge, MA :</subfield><subfield code='b'>Belknap,</subfield><subfield code='c'>1967.</subfield></datafield><datafield ind1=' ' ind2=' ' tag='300'><subfield code='a'>xxxviii, 295 pages ;</subfield><subfield code='c'>21 cm</subfield></datafield><datafield ind1=' ' ind2=' ' tag='336'><subfield code='a'>text</subfield><subfield code='2'>rdacontent</subfield></datafield><datafield ind1=' ' ind2=' ' tag='337'><subfield code='a'>unmediated</subfield><subfield code='2'>rdamedia</subfield></datafield><datafield ind1=' ' ind2=' ' tag='338'><subfield code='a'>volume</subfield><subfield code='2'>rdacarrier</subfield></datafield><datafield ind1='1' ind2='0' tag='600'><subfield code='a'>Bradstreet, Anne,</subfield><subfield code='d'>1612?-1672.</subfield><subfield code='0'>http://id.loc.gov/authorities/names/n79145303</subfield></datafield><datafield ind1='1' ind2=' ' tag='700'><subfield code='a'>Hensley, Jeannine.</subfield><subfield code='0'>http://id.loc.gov/authorities/names/no96003545</subfield></datafield><datafield ind1='0' ind2='0' tag='852'><subfield code='h'>PS711 .A1 1967g</subfield><subfield code='0'>2307810</subfield><subfield code='b'>scsbcul</subfield></datafield><datafield ind1=' ' ind2=' ' tag='876'><subfield code='0'>2307810</subfield><subfield code='a'>3503517</subfield><subfield code='h'> </subfield><subfield code='j'>Available</subfield><subfield code='p'>CU00713937</subfield><subfield code='t'>1</subfield><subfield code='x'>Shared</subfield><subfield code='z'>CU</subfield><subfield code='l'>RECAP</subfield></datafield></record>