
<record><leader>00939cam a2200277I  4500</leader><controlfield tag='001'>SCSB-11277534</controlfield><controlfield tag='005'>20090416231635.0</controlfield><controlfield tag='008'>720118s1967    mauh     b    00010 enge </controlfield><controlfield tag='009'>990014062200203941</controlfield><datafield ind1=' ' ind2=' ' tag='010'><subfield code='a'>^^^67017312^</subfield></datafield><datafield ind1=' ' ind2=' ' tag='035'><subfield code='a'>(OCoLC)223215</subfield><subfield code='z'>(OCoLC)222117911</subfield><subfield code='z'>(OCoLC)254492105</subfield><subfield code='z'>(OCoLC)558665824</subfield><subfield code='z'>(OCoLC)964595315</subfield><subfield code='z'>(OCoLC)976826178</subfield><subfield code='z'>(OCoLC)1101246509</subfield><subfield code='z'>(OCoLC)1204116441</subfield><subfield code='z'>(OCoLC)1429695925</subfield></datafield><datafield ind1=' ' ind2=' ' tag='040'><subfield code='a'>DLC</subfield><subfield code='c'>CWR</subfield><subfield code='d'>m.c.</subfield><subfield code='d'>OCL</subfield><subfield code='d'>SER</subfield></datafield><datafield ind1='0' ind2=' ' tag='050'><subfield code='a'>PS711</subfield><subfield code='b'>.A1 1967</subfield></datafield><datafield ind1=' ' ind2=' ' tag='082'><subfield code='a'>811/.1</subfield></datafield><datafield ind1='1' ind2=' ' tag='100'><subfield code='a'>Bradstreet, Anne,</subfield><subfield code='d'>1612?-1672</subfield></datafield><datafield ind1='1' ind2='4' tag='245'><subfield code='a'>The works of Anne Bradstreet.</subfield><subfield code='c'>Edited by Jeannine Hensley. Foreword by Adrienne Rich.</subfield></datafield><datafield ind1=' ' ind2=' ' tag='260'><subfield code='a'>Cambridge, Mass.,</subfield><subfield code='b'>Belknap Press of Harvard University Press,</subfield><subfield code='c'>1967.</subfield></datafield><datafield ind1=' ' ind2=' ' tag='300'><subfield code='a'>xxxvii, 320 p.</subfield><subfield code='b'>facsim.</subfield><subfield code='c'>22 cm.</subfield></datafield><datafield ind1='1' ind2=' ' tag='490'><subfield code='a'>John Harvard library</subfield></datafield><datafield ind1=' ' ind2=' ' tag='504'><subfield code='a'>Bibliographical footnotes.</subfield></datafield><datafield ind1='0' ind2='0' tag='505'><subfield code='t'>To her most honoured father by A.B. --</subfield><subfield code='t'>Prologue --</subfield><subfield code='t'>Four elements --</subfield><subfield code='t'>Four humors in man&apos;s constitution --</subfield><subfield code='t'>Four ages of man --</subfield><subfield code='t'>Four seasons of the year --</subfield><subfield code='t'>Four monarchies --</subfield><subfield code='t'>Dialogue between old England and new : concerning their present troubles, anno, 1642 --</subfield><subfield code='t'>Elegy upon that honorable and renowned knight Sir Philip Sidney who was untimely slain at the siege of Zutphen, anno 1586 --</subfield><subfield code='t'>In honour of Du Bartas, 1641 --</subfield><subfield code='t'>In honour of that high and mighty Princess Queen Elizabeth of happy memory --</subfield><subfield code='t'>David&apos;s lamentation for Saul and Jonathan : II Sam. 1:19 --</subfield><subfield code='t'>To the memory of my dear and ever honoured father Thomas Dudley Esq. who deceased July 31, 1653, and of his age 77 --</subfield><subfield code='t'>Epitaph on my dear and ever-honoured mother Mrs. Dorothy Dudley, who deceased December 27, 1643, and of her age 61 --</subfield><subfield code='t'>Contemplations --</subfield><subfield code='t'>Flesh and the spirit --</subfield><subfield code='t'>Vanity of all worldly things --</subfield><subfield code='t'>Author to her book.</subfield></datafield><datafield ind1='0' ind2='0' tag='505'><subfield code='t'>Upon a fit of sickness, anno 1632 aetatis suae 19 --</subfield><subfield code='t'>Upon some distemper of body --</subfield><subfield code='t'>Before the birth of one of her children --</subfield><subfield code='t'>To my dear and loving husband --</subfield><subfield code='t'>Letter to her husband, absent upon public employment --</subfield><subfield code='t'>Another --</subfield><subfield code='t'>Another --</subfield><subfield code='t'>To her father with some verses --</subfield><subfield code='t'>in reference to her children : 23 June, 1659 --</subfield><subfield code='t'>In memory of my dear grandchild Elizabeth Bradstreet, who deceased August, 1665, being a year and half old --</subfield><subfield code='t'>In memory of my dear grandchild Anne Bradstreet who deceased June 20, 1669, being three years and seven months old --</subfield><subfield code='t'>On my dear grandchild Simon Bradstreet, who died on 16 November, 1669, being but a month and one day old --</subfield><subfield code='t'>To the memory of my dear daughter-in-law, Mrs. Mercy Bradstreet, who deceased Sept. 6, 1669, in the 28 year of her age.</subfield></datafield><datafield ind1='0' ind2='0' tag='505'><subfield code='t'>To my dear children --</subfield><subfield code='t'>Here follow several occasional meditations --</subfield><subfield code='t'>For deliverence from a fever --</subfield><subfield code='t'>From another sore fit --</subfield><subfield code='t'>Deliverance from a fit of fainting --</subfield><subfield code='t'>Meditations when my sould hath been refreshed with the consolations which the world knows not --</subfield><subfield code='t'>Upon my son Samuel his going for England Nov., 6, 1657 --</subfield><subfield code='t'>For the restoration of my dear husband from a burning ague, June 1, 1661 --</subfield><subfield code='t'>Upon my daughter Hannah Wiggin her recovery from a dangerous fever --</subfield><subfield code='t'>On my son&apos;s return out of England July 17, 1661 --</subfield><subfield code='t'>Upon my dear and loving husband his going into England Jan. 16, 1661 --</subfield><subfield code='t'>In my solitary hours in my dear husband his absence --</subfield><subfield code='t'>In thankful acknowledgment for the letters I received from my husband out of England --</subfield><subfield code='t'>In thankful remembrance for my dear husband&apos;s safe arrival Sept. 3, 1662 --</subfield><subfield code='t'>For my dear son Simon Bradstreet --</subfield><subfield code='t'>Meditations divine and moral --</subfield><subfield code='t'>Here follows some verses upon the burning of our house July 10th, 1666 : copied out of a loose paper --</subfield><subfield code='t'>As weary pilgrim.</subfield></datafield><datafield ind1='1' ind2='0' tag='600'><subfield code='a'>Brackenridge, H. H.</subfield><subfield code='q'>(Hugh Henry),</subfield><subfield code='d'>1748-1816</subfield></datafield><datafield ind1=' ' ind2='7' tag='648'><subfield code='a'>1600-1699</subfield><subfield code='2'>fast</subfield></datafield><datafield ind1=' ' ind2='0' tag='650'><subfield code='a'>American poetry</subfield><subfield code='x'>Women authors</subfield><subfield code='y'>17th century.</subfield></datafield><datafield ind1='1' ind2=' ' tag='700'><subfield code='a'>Hensley, Jeannine</subfield><subfield code='e'>ed.</subfield></datafield><datafield ind1='1' ind2=' ' tag='700'><subfield code='a'>Hensley, Jeannine,</subfield><subfield code='e'>editor.</subfield></datafield><datafield ind1='0' ind2='8' tag='776'><subfield code='i'>Online version:</subfield><subfield code='a'>Bradstreet, Anne, 1612?-1672.</subfield><subfield code='t'>Works of Anne Bradstreet.</subfield><subfield code='d'>Cambridge, Mass., Belknap Press of Harvard University Press, 1967</subfield><subfield code='w'>(OCoLC)559861543</subfield></datafield><datafield ind1=' ' ind2='0' tag='830'><subfield code='a'>John Harvard library</subfield></datafield><datafield ind1='1' ind2=' ' tag='583'><subfield code='a'>committed to retain</subfield><subfield code='c'>20181001</subfield><subfield code='d'>in perpetuity</subfield><subfield code='f'>ReCAP Shared Collection</subfield><subfield code='5'>HUL</subfield><subfield code='8'>221802807900003941</subfield></datafield><datafield ind1=' ' ind2='0' tag='966'><subfield code='8'>0</subfield><subfield code='a'>Copy A.</subfield><subfield code='8'>221802807900003941</subfield></datafield><datafield ind1='7' ind2=' ' tag='852'><subfield code='2'>ZHCL</subfield><subfield code='c'>HD</subfield><subfield code='h'>AL 972.9.14</subfield><subfield code='0'>12081700</subfield><subfield code='b'>scsbhl</subfield></datafield><datafield ind1=' ' ind2=' ' tag='876'><subfield code='0'>12081700</subfield><subfield code='a'>17845027</subfield><subfield code='h'> </subfield><subfield code='j'>Available</subfield><subfield code='k'>WID</subfield><subfield code='p'>32044105444863</subfield><subfield code='x'>Shared</subfield><subfield code='z'>HW</subfield><subfield code='l'>HD</subfield></datafield></record>