
<record><leader>01329nam a2200337Ia 4500</leader><controlfield tag='001'>SCSB-15389983</controlfield><controlfield tag='005'>20250620224536.9</controlfield><controlfield tag='008'>880902s1921    enk      b    000 0 eng d</controlfield><controlfield tag='009'>in00033700798</controlfield><datafield ind1=' ' ind2=' ' tag='035'><subfield code='a'>(OCoLC)22559254</subfield></datafield><datafield ind1=' ' ind2=' ' tag='035'><subfield code='a'>law538997</subfield></datafield><datafield ind1=' ' ind2=' ' tag='040'><subfield code='a'>NNC-L</subfield><subfield code='c'>NNC-L</subfield><subfield code='d'>UtOrBLW</subfield></datafield><datafield ind1=' ' ind2='4' tag='050'><subfield code='a'>JX1963 W12</subfield></datafield><datafield ind1='1' ind2=' ' tag='100'><subfield code='a'>Waller, Bolton C.</subfield><subfield code='0'>n 86015589</subfield><subfield code='0'>http://id.loc.gov/authorities/names/n86015589</subfield></datafield><datafield ind1='1' ind2='0' tag='245'><subfield code='a'>Towards the brotherhood of nations :</subfield><subfield code='b'>by Bolton C. Waller.</subfield></datafield><datafield ind1=' ' ind2='1' tag='264'><subfield code='a'>London :</subfield><subfield code='b'>Student Christian movement,</subfield><subfield code='c'>1921.</subfield></datafield><datafield ind1=' ' ind2=' ' tag='300'><subfield code='a'>207 pages ;</subfield><subfield code='c'>20 cm</subfield></datafield><datafield ind1=' ' ind2=' ' tag='336'><subfield code='a'>text</subfield><subfield code='b'>txt</subfield><subfield code='2'>rdacontent</subfield></datafield><datafield ind1=' ' ind2=' ' tag='337'><subfield code='a'>unmediated</subfield><subfield code='b'>n</subfield><subfield code='2'>rdamedia</subfield></datafield><datafield ind1=' ' ind2=' ' tag='338'><subfield code='a'>volume</subfield><subfield code='2'>rdacarrier</subfield></datafield><datafield ind1=' ' ind2=' ' tag='504'><subfield code='a'>Bibliography: pages 203-204.</subfield></datafield><datafield ind1=' ' ind2='0' tag='650'><subfield code='a'>International law.</subfield><subfield code='0'>sh 85067417</subfield><subfield code='0'>http://id.loc.gov/authorities/subjects/sh85067417</subfield></datafield><datafield ind1=' ' ind2='0' tag='650'><subfield code='a'>Peace.</subfield><subfield code='0'>sh 85098940</subfield><subfield code='0'>http://id.loc.gov/authorities/subjects/sh85098940</subfield></datafield><datafield ind1=' ' ind2='0' tag='650'><subfield code='a'>International relations.</subfield><subfield code='0'>sh 85067435</subfield><subfield code='0'>http://id.loc.gov/authorities/subjects/sh85067435</subfield></datafield><datafield ind1=' ' ind2=' ' tag='907'><subfield code='a'>.b2346552</subfield><subfield code='b'>2016-06-16</subfield><subfield code='c'>1988-08-08</subfield></datafield><datafield ind1='z' ind2='z' tag='909'><subfield code='o'>oai:pegasus.law.columbia.edu:538997</subfield><subfield code='p'>lawclio</subfield></datafield><datafield ind1=' ' ind2=' ' tag='922'><subfield code='a'>Backstage MARS</subfield><subfield code='b'>2014-05-28</subfield><subfield code='c'>2014-06-06</subfield></datafield><datafield ind1=' ' ind2=' ' tag='922'><subfield code='a'>RDA ENRICHED</subfield></datafield><datafield ind1=' ' ind2=' ' tag='922'><subfield code='a'>MARS</subfield></datafield><datafield ind1=' ' ind2=' ' tag='980'><subfield code='a'>BIB</subfield></datafield><datafield ind1=' ' ind2=' ' tag='998'><subfield code='b'>1988-09-02</subfield></datafield><datafield ind1=' ' ind2=' ' tag='901'><subfield code='a'>0de86d21-6a3a-4471-af00-61269c2d5b44</subfield><subfield code='b'>9</subfield><subfield code='c'>false</subfield></datafield><datafield ind1='0' ind2='0' tag='852'><subfield code='0'>16506153</subfield><subfield code='h'>JX1963</subfield><subfield code='i'>W12</subfield><subfield code='b'>scsbcul</subfield></datafield><datafield ind1=' ' ind2=' ' tag='876'><subfield code='0'>16506153</subfield><subfield code='a'>23319050</subfield><subfield code='j'>Available</subfield><subfield code='p'>3500501020000G</subfield><subfield code='t'>0</subfield><subfield code='x'>Shared</subfield><subfield code='z'>CL</subfield><subfield code='l'>RECAP</subfield></datafield></record>