
<record><leader>00803nam a2200253M  4500</leader><controlfield tag='001'>SCSB-7355795</controlfield><controlfield tag='003'>OCoLC</controlfield><controlfield tag='005'>19980224133658.0</controlfield><controlfield tag='008'>880902s1921    enk      b    000 0 eng d</controlfield><controlfield tag='009'>.b135376117</controlfield><datafield ind1=' ' ind2=' ' tag='019'><subfield code='a'>10004192</subfield></datafield><datafield ind1=' ' ind2=' ' tag='040'><subfield code='a'>ZCL</subfield><subfield code='c'>ZCL</subfield><subfield code='d'>MBB</subfield><subfield code='d'>NYP</subfield></datafield><datafield ind1=' ' ind2=' ' tag='049'><subfield code='a'>NYPG</subfield></datafield><datafield ind1='1' ind2=' ' tag='100'><subfield code='a'>Waller, Bolton C.</subfield></datafield><datafield ind1='1' ind2='0' tag='245'><subfield code='a'>Towards the brotherhood of nations</subfield><subfield code='c'>by Bolton C. Waller.</subfield></datafield><datafield ind1=' ' ind2=' ' tag='260'><subfield code='a'>London,</subfield><subfield code='b'>Student Christian movement,</subfield><subfield code='c'>1921.</subfield></datafield><datafield ind1=' ' ind2=' ' tag='300'><subfield code='a'>207 p.</subfield><subfield code='c'>20 cm.</subfield></datafield><datafield ind1=' ' ind2=' ' tag='504'><subfield code='a'>Bibliography: p. 203-204.</subfield></datafield><datafield ind1=' ' ind2='0' tag='650'><subfield code='a'>International law.</subfield></datafield><datafield ind1=' ' ind2='0' tag='650'><subfield code='a'>Peace.</subfield></datafield><datafield ind1=' ' ind2='0' tag='650'><subfield code='a'>International relations.</subfield></datafield><datafield ind1=' ' ind2=' ' tag='907'><subfield code='a'>.b135376117</subfield><subfield code='c'>m</subfield><subfield code='d'>a</subfield><subfield code='e'>-</subfield><subfield code='f'>eng</subfield><subfield code='g'>enk</subfield><subfield code='h'>0</subfield><subfield code='i'>1</subfield></datafield><datafield ind1=' ' ind2=' ' tag='035'><subfield code='a'>(OCoLC)22559254</subfield></datafield><datafield ind1=' ' ind2=' ' tag='901'><subfield code='a'>0de86d21-6a3a-4471-af00-61269c2d5b44</subfield><subfield code='b'>9</subfield><subfield code='c'>false</subfield></datafield><datafield ind1='8' ind2=' ' tag='852'><subfield code='h'>XBH (Waller, B. C. Towards the brotherhood of nations)</subfield><subfield code='0'>7453384</subfield><subfield code='b'>scsbnypl</subfield></datafield><datafield ind1=' ' ind2=' ' tag='876'><subfield code='0'>7453384</subfield><subfield code='a'>12197104</subfield><subfield code='j'>Available</subfield><subfield code='p'>33433008734406</subfield><subfield code='t'>1</subfield><subfield code='x'>Shared</subfield><subfield code='z'>NA</subfield><subfield code='l'>RECAP</subfield></datafield></record>