
<record><leader>00000cam  2200361 i 4500</leader><controlfield tag='001'>SCSB-15142987</controlfield><controlfield tag='003'>Fr-PaAMA</controlfield><controlfield tag='005'>20250514144109.0</controlfield><controlfield tag='008'>240228t20242024fr a     b    000 0 fre dcam i </controlfield><controlfield tag='009'>.b236932354</controlfield><datafield ind1='1' ind2=' ' tag='100'><subfield code='a'>Aim, Coraline,</subfield><subfield code='e'>author.</subfield></datafield><datafield ind1=' ' ind2='0' tag='650'><subfield code='a'>Music</subfield><subfield code='y'>21st century</subfield><subfield code='x'>History and criticism.</subfield></datafield><datafield ind1=' ' ind2='0' tag='650'><subfield code='a'>Neoclassicism (Music)</subfield></datafield><datafield ind1=' ' ind2=' ' tag='020'><subfield code='a'>9782384313266</subfield><subfield code='q'>(paperback)</subfield><subfield code='c'>23,00 EUR</subfield></datafield><datafield ind1=' ' ind2=' ' tag='500'><subfield code='a'>Includes glossary.</subfield></datafield><datafield ind1=' ' ind2=' ' tag='504'><subfield code='a'>Includes bibliographical references (pages 259-263).</subfield></datafield><datafield ind1=' ' ind2=' ' tag='520'><subfield code='a'>&quot;La très large diversité culturelle et les explorations sonores qui ont jalonné le XXe siècle ont ouvert des champs de possibilités créatives pour les artistes du XXIe siècle. La musique dite &quot;néo-classique&quot; rassemble sous sa vaste étiquette des compositrices et des compositeurs d&apos;esthétiques et d&apos;horizons différents. Qu&apos;ils viennent de l&apos;académie (Nico Muhly, Max Richter), de la pop (Agnes Obel, Richard Reed Parry) ou des expérimentations électroacoustiques (Kali Malone, Maria W Horn), les musiciennes et les musiciens actuels décloisonnent les genres, mêlent instruments acoustiques et électroniques, repoussent les frontières et imaginent de nouvelles partitions. Les multiples spectres et influences ont créé plusieurs identités, miroir d&apos;une époque et d&apos;un monde en mutation. Derrière un piano, un orgue, des percussions, des instruments de chambre, des synthétiseurs ou des machines et des logiciels, ces artistes s&apos;affranchissent des conventions pour écrire le portrait sonore de ce début de siècle.&quot;--Page 4 of cover.</subfield></datafield><datafield ind1='0' ind2=' ' tag='545'><subfield code='a'>&quot;Coraline Aim est journaliste, autrice et rédactrice. Aux éditions Le mot et le reste elle a déjà publié Red Flag, Une histoire du rock chinois.&quot;--Page 4 of cover.</subfield></datafield><datafield ind1=' ' ind2='1' tag='264'><subfield code='a'>[Marseille] :</subfield><subfield code='b'>Le Mot et le reste,</subfield><subfield code='c'>2024.</subfield></datafield><datafield ind1=' ' ind2='4' tag='264'><subfield code='c'>©2024</subfield></datafield><datafield ind1=' ' ind2=' ' tag='300'><subfield code='a'>265 pages :</subfield><subfield code='b'>illustrations ;</subfield><subfield code='c'>22 cm</subfield></datafield><datafield ind1=' ' ind2=' ' tag='336'><subfield code='a'>text</subfield><subfield code='b'>txt</subfield><subfield code='2'>rdacontent</subfield></datafield><datafield ind1=' ' ind2=' ' tag='337'><subfield code='a'>unmediated</subfield><subfield code='b'>n</subfield><subfield code='2'>rdamedia</subfield></datafield><datafield ind1=' ' ind2=' ' tag='338'><subfield code='a'>volume</subfield><subfield code='b'>nc</subfield><subfield code='2'>rdacarrier</subfield></datafield><datafield ind1='1' ind2='0' tag='245'><subfield code='a'>Néo-classique :</subfield><subfield code='b'>vers une musique du XXIe siècle /</subfield><subfield code='c'>Coraline Aim.</subfield></datafield><datafield ind1=' ' ind2=' ' tag='040'><subfield code='a'>Fr-PaAMA</subfield><subfield code='b'>eng</subfield><subfield code='e'>rda</subfield><subfield code='c'>Fr-PaAMA</subfield></datafield><datafield ind1=' ' ind2='4' tag='050'><subfield code='a'>ML197.2</subfield><subfield code='b'>.A36 2024</subfield></datafield><datafield ind1=' ' ind2=' ' tag='901'><subfield code='a'>sgr</subfield><subfield code='b'>CATRL</subfield></datafield><datafield ind1='1' ind2='4' tag='082'><subfield code='a'>780</subfield></datafield><datafield ind1=' ' ind2='4' tag='908'><subfield code='a'>ML197.2</subfield><subfield code='b'>.A36 2024</subfield></datafield><datafield ind1=' ' ind2=' ' tag='901'><subfield code='a'>AUXAM</subfield></datafield><datafield ind1=' ' ind2=' ' tag='910'><subfield code='a'>RL</subfield></datafield><datafield ind1=' ' ind2=' ' tag='960'><subfield code='s'>3460</subfield><subfield code='t'>PAM</subfield><subfield code='u'>41901APPRV</subfield></datafield><datafield ind1='0' ind2='0' tag='907'><subfield code='a'>.b236932354</subfield></datafield><datafield ind1=' ' ind2=' ' tag='035'><subfield code='a'>(OCoLC)1428218870</subfield></datafield><datafield ind1='8' ind2=' ' tag='852'><subfield code='h'>ReCAP 25-19057</subfield><subfield code='0'>16230278</subfield><subfield code='b'>scsbnypl</subfield></datafield><datafield ind1=' ' ind2=' ' tag='876'><subfield code='0'>16230278</subfield><subfield code='a'>22952719</subfield><subfield code='j'>Available</subfield><subfield code='p'>33433138971290</subfield><subfield code='t'>1</subfield><subfield code='x'>Shared</subfield><subfield code='z'>NA</subfield><subfield code='l'>RECAP</subfield></datafield></record>