
<record><leader>02856cam a2200565 i 4500</leader><controlfield tag='001'>SCSB-15002674</controlfield><controlfield tag='003'>NNC</controlfield><controlfield tag='005'>20240820232729.0</controlfield><controlfield tag='008'>240216s2024    it a     bc   000 0 ita d</controlfield><controlfield tag='009'>18608391</controlfield><datafield ind1=' ' ind2=' ' tag='020'><subfield code='a'>9788892825703 :</subfield><subfield code='c'>15.00 EUR</subfield></datafield><datafield ind1=' ' ind2=' ' tag='035'><subfield code='a'>(OCoLC)1443533046</subfield></datafield><datafield ind1=' ' ind2=' ' tag='035'><subfield code='a'>(OCoLC)on1443533046</subfield></datafield><datafield ind1=' ' ind2=' ' tag='035'><subfield code='a'>(ItFiC)it 51483909</subfield></datafield><datafield ind1=' ' ind2=' ' tag='035'><subfield code='a'>(NNC)18608391</subfield></datafield><datafield ind1=' ' ind2=' ' tag='035'><subfield code='a'>18608391</subfield></datafield><datafield ind1=' ' ind2=' ' tag='040'><subfield code='a'>ItFiC</subfield><subfield code='b'>eng</subfield><subfield code='e'>rda</subfield><subfield code='c'>ItFiC</subfield></datafield><datafield ind1='0' ind2=' ' tag='041'><subfield code='a'>ita</subfield><subfield code='a'>eng</subfield><subfield code='h'>ita</subfield></datafield><datafield ind1='0' ind2='0' tag='050'><subfield code='a'>N6496.3.I8</subfield><subfield code='b'>V4334 2024</subfield></datafield><datafield ind1='0' ind2='0' tag='245'><subfield code='a'>Due qui/To hear :</subfield><subfield code='b'>Padiglione Italia, Biennale Arte 2024 : 20.04 - 24.11.2024, Tese delle Vergini, Arsenale, Venezia /</subfield><subfield code='c'>commissario, Angelo Piero Cappello ; curatore, Luca Cerizza ; artista, Massimo Bartolini ; in collaborazione con Caterina Barbieri, Gavin Bryars, Kali Malone ; guida a cura di Luca Cerizza.</subfield></datafield><datafield ind1='1' ind2='5' tag='246'><subfield code='a'>Due qui/To hear :</subfield><subfield code='b'>Italian Pavilion, Biennale Arte 2024</subfield></datafield><datafield ind1=' ' ind2='1' tag='264'><subfield code='a'>Milano :</subfield><subfield code='b'>Electa,</subfield><subfield code='c'>[2024]</subfield></datafield><datafield ind1=' ' ind2=' ' tag='300'><subfield code='a'>61, 59 pages (1 folded) :</subfield><subfield code='b'>illustrations ;</subfield><subfield code='c'>23 cm</subfield></datafield><datafield ind1=' ' ind2=' ' tag='336'><subfield code='a'>text</subfield><subfield code='b'>txt</subfield><subfield code='2'>rdacontent</subfield></datafield><datafield ind1=' ' ind2=' ' tag='337'><subfield code='a'>unmediated</subfield><subfield code='b'>n</subfield><subfield code='2'>rdamedia</subfield></datafield><datafield ind1=' ' ind2=' ' tag='338'><subfield code='a'>volume</subfield><subfield code='b'>nc</subfield><subfield code='2'>rdacarrier</subfield></datafield><datafield ind1=' ' ind2=' ' tag='500'><subfield code='a'>Guide of an exhibition held at the 60th International Art Exhibition La Biennale di Venezia, at the Padiglione Italia, Venice, Italy, April 20-November 24, 2024.</subfield></datafield><datafield ind1=' ' ind2=' ' tag='546'><subfield code='a'>Text in Italian with English translation.</subfield></datafield><datafield ind1=' ' ind2=' ' tag='500'><subfield code='a'>&quot;La Biennale di Venezia, 60. Esposizione internazionale d&apos;arte, Padiglione Italia.&quot;</subfield></datafield><datafield ind1=' ' ind2=' ' tag='500'><subfield code='a'>Bound upside down.</subfield></datafield><datafield ind1=' ' ind2=' ' tag='504'><subfield code='a'>Includes bibliographical references.</subfield></datafield><datafield ind1='2' ind2='0' tag='611'><subfield code='a'>Biennale di Venezia</subfield><subfield code='n'>(60th :</subfield><subfield code='d'>2024 :</subfield><subfield code='c'>Venice, Italy)</subfield><subfield code='v'>Guidebooks.</subfield></datafield><datafield ind1=' ' ind2='0' tag='650'><subfield code='a'>Art, Italian</subfield><subfield code='y'>21st century</subfield><subfield code='v'>Exhibitions</subfield><subfield code='v'>Guidebooks.</subfield></datafield><datafield ind1='1' ind2=' ' tag='700'><subfield code='a'>Cerizza, Luca,</subfield><subfield code='e'>editor.</subfield><subfield code='4'>http://id.loc.gov/vocabulary/relators/edt</subfield><subfield code='0'>http://id.loc.gov/authorities/names/n2002016969</subfield></datafield><datafield ind1='1' ind2=' ' tag='700'><subfield code='a'>Bartolini, Massimo,</subfield><subfield code='d'>1962-</subfield><subfield code='0'>http://id.loc.gov/authorities/names/no2006030258</subfield></datafield><datafield ind1='2' ind2=' ' tag='711'><subfield code='a'>Biennale di Venezia</subfield><subfield code='n'>(60th :</subfield><subfield code='d'>2024 :</subfield><subfield code='c'>Venice, Italy).</subfield><subfield code='e'>Padiglione Italia.</subfield></datafield><datafield ind1='0' ind2='2' tag='730'><subfield code='a'>Due qui/To hear.</subfield></datafield><datafield ind1='0' ind2='2' tag='730'><subfield code='a'>Due qui/To hear.</subfield><subfield code='l'>English.</subfield></datafield><datafield ind1=' ' ind2=' ' tag='901'><subfield code='a'>a011dea4-80c7-4603-ba2e-63461158c6ed</subfield><subfield code='b'>25</subfield><subfield code='c'>false</subfield></datafield><datafield ind1='0' ind2='0' tag='852'><subfield code='h'>N6496.3.I8 V4334 2024</subfield><subfield code='0'>16055016</subfield><subfield code='b'>scsbcul</subfield></datafield><datafield ind1=' ' ind2=' ' tag='876'><subfield code='0'>16055016</subfield><subfield code='a'>22767593</subfield><subfield code='h'>In Library Use</subfield><subfield code='j'>Available</subfield><subfield code='p'>AR03252981</subfield><subfield code='t'>1</subfield><subfield code='x'>Shared</subfield><subfield code='z'>AR</subfield><subfield code='l'>RECAP</subfield></datafield></record>