
<record><leader>00000nam  2200373 a 4500</leader><controlfield tag='001'>SCSB-15040422</controlfield><controlfield tag='003'>CStRLIN</controlfield><controlfield tag='005'>20051031092535.1</controlfield><controlfield tag='008'>051028s1996    su       b    000 0 ara dnam a </controlfield><controlfield tag='009'>.b161696636</controlfield><datafield ind1='1' ind2=' ' tag='100'><subfield code='6'>880-01</subfield><subfield code='a'>ʻAbbūd, Ṣāliḥ ibn ʻAbd Allāh.</subfield></datafield><datafield ind1='0' ind2='0' tag='600'><subfield code='6'>880-05</subfield><subfield code='a'>Muḥammad ibn ʻAbd al-Wahhāb,</subfield><subfield code='d'>1703 or 1704-1792.</subfield></datafield><datafield ind1=' ' ind2='0' tag='650'><subfield code='a'>Wahhābīyah.</subfield></datafield><datafield ind1=' ' ind2='0' tag='650'><subfield code='a'>Islamic fundamentalism</subfield><subfield code='x'>History.</subfield></datafield><datafield ind1=' ' ind2=' ' tag='250'><subfield code='6'>880-03</subfield><subfield code='a'>al-Ṭabʻah 3., munaqqaḥah wa-mazīdah.</subfield></datafield><datafield ind1=' ' ind2=' ' tag='500'><subfield code='a'>Originally presented as the author&apos;s thesis (doctoral)--al-Jāmiʻah al-Islāmīyah, 1403 [1982 or 1983]</subfield></datafield><datafield ind1=' ' ind2=' ' tag='504'><subfield code='a'>Includes bibliographical references (v. 2, p. 485-516).</subfield></datafield><datafield ind1=' ' ind2=' ' tag='260'><subfield code='6'>880-04</subfield><subfield code='a'>al-Madīnah :</subfield><subfield code='b'>Maktabat al-Ghurabāʼ al-Atharīyah,</subfield><subfield code='c'>1996.</subfield></datafield><datafield ind1=' ' ind2=' ' tag='300'><subfield code='a'>2 v. ;</subfield><subfield code='c'>25 cm.</subfield></datafield><datafield ind1='1' ind2='0' tag='245'><subfield code='6'>880-02</subfield><subfield code='a'>ʻAqīdat al-Shaykh Muḥammad ibn ʻAbd al-Wahhāb al-salafīyah wa-atharuhā fī al-ʻālam al-Islāmī /</subfield><subfield code='c'>taʼlīf Ṣāliḥ ibn ʻAbd Allāh ibn ʻAbd al-Raḥmān al-ʻAbbūd.</subfield></datafield><datafield ind1=' ' ind2=' ' tag='040'><subfield code='a'>NjP</subfield><subfield code='c'>NjP</subfield><subfield code='d'>PU</subfield><subfield code='d'>NN</subfield><subfield code='d'>UtOrBLW</subfield></datafield><datafield ind1=' ' ind2='4' tag='050'><subfield code='a'>BP195.W22</subfield><subfield code='b'>A53 1996</subfield></datafield><datafield ind1=' ' ind2='4' tag='908'><subfield code='a'>BP195.W22</subfield><subfield code='b'>A53 1996</subfield></datafield><datafield ind1=' ' ind2=' ' tag='066'><subfield code='c'>(3</subfield></datafield><datafield ind1=' ' ind2=' ' tag='090'><subfield code='b'>al-Juz 1.</subfield></datafield><datafield ind1=' ' ind2=' ' tag='901'><subfield code='a'>New York Public Library</subfield><subfield code='b'>ho</subfield><subfield code='c'>OID=AME;CIN=GYG</subfield></datafield><datafield ind1='1' ind2=' ' tag='880'><subfield code='6'>100-01/(3/r</subfield><subfield code='a'>عبود, صالح بن عبد الله.</subfield></datafield><datafield ind1='1' ind2='0' tag='880'><subfield code='6'>245-02/(3/r</subfield><subfield code='a'>عقيدة الشيخ محمد بن عبد الوهاب السلفية وأثرها في العالم الإسلامي /</subfield><subfield code='c'>تأليف صالح بن عبد الله بن عبد الرحمن العبود.</subfield></datafield><datafield ind1=' ' ind2=' ' tag='880'><subfield code='6'>250-03/(3/r</subfield><subfield code='a'>الطبعة 3., منقحة ومزيدة.</subfield></datafield><datafield ind1=' ' ind2=' ' tag='880'><subfield code='6'>260-04/(3/r</subfield><subfield code='a'>المدينة ،</subfield><subfield code='b'>مكتبة الغرباء الأثرية,</subfield><subfield code='c'>1996.</subfield></datafield><datafield ind1='0' ind2='4' tag='880'><subfield code='6'>600-05/(3/r</subfield><subfield code='a'>محمد بن عبد الوهاب.</subfield></datafield><datafield ind1=' ' ind2=' ' tag='997'><subfield code='a'>ho</subfield><subfield code='b'>10-31-05</subfield><subfield code='c'>m</subfield><subfield code='d'>a</subfield><subfield code='e'>-</subfield><subfield code='f'>ara</subfield><subfield code='g'>su</subfield><subfield code='h'>0</subfield></datafield><datafield ind1=' ' ind2=' ' tag='991'><subfield code='y'>36117437</subfield></datafield><datafield ind1=' ' ind2=' ' tag='910'><subfield code='a'>RL</subfield></datafield><datafield ind1='0' ind2='0' tag='907'><subfield code='a'>.b161696636</subfield></datafield><datafield ind1=' ' ind2=' ' tag='035'><subfield code='a'>(OCoLC)36117437</subfield></datafield><datafield ind1=' ' ind2=' ' tag='901'><subfield code='a'>85e5b9b2-30ac-4659-874d-7f251f9415df</subfield><subfield code='b'>9</subfield><subfield code='c'>false</subfield></datafield><datafield ind1='8' ind2=' ' tag='852'><subfield code='h'>*OGC 05-6391 al-Juz 2</subfield><subfield code='0'>16097783</subfield><subfield code='b'>scsbnypl</subfield></datafield><datafield ind1=' ' ind2=' ' tag='866'><subfield code='a'>al-Juz 2</subfield><subfield code='0'>16097783</subfield></datafield><datafield ind1=' ' ind2=' ' tag='876'><subfield code='0'>16097783</subfield><subfield code='3'>al-Juz 2</subfield><subfield code='a'>22819044</subfield><subfield code='j'>Available</subfield><subfield code='p'>33433139149235</subfield><subfield code='t'>1</subfield><subfield code='x'>Shared</subfield><subfield code='z'>NA</subfield><subfield code='l'>RECAP</subfield></datafield></record>