
<record><leader>00000pam a22002894a 4500</leader><controlfield tag='001'>SCSB-12806055</controlfield><controlfield tag='005'>20050401160425.0</controlfield><controlfield tag='008'>041201s2005    ncu      b    001 0 eng  </controlfield><controlfield tag='009'>990096017770203941</controlfield><datafield ind1=' ' ind2=' ' tag='010'><subfield code='a'>^^2004028653</subfield></datafield><datafield ind1=' ' ind2=' ' tag='020'><subfield code='a'>0786420219 (softcover : alk. paper)</subfield></datafield><datafield ind1=' ' ind2=' ' tag='035'><subfield code='a'>(OCoLC)57192997</subfield><subfield code='z'>(OCoLC)1172329889</subfield></datafield><datafield ind1=' ' ind2=' ' tag='040'><subfield code='a'>DLC</subfield><subfield code='c'>DLC</subfield><subfield code='d'>DLC</subfield></datafield><datafield ind1=' ' ind2=' ' tag='042'><subfield code='a'>pcc</subfield></datafield><datafield ind1='0' ind2='0' tag='050'><subfield code='a'>DS134</subfield><subfield code='b'>.S379 2005</subfield></datafield><datafield ind1='0' ind2='0' tag='082'><subfield code='a'>909/.04924</subfield><subfield code='2'>22</subfield></datafield><datafield ind1='0' ind2='0' tag='245'><subfield code='a'>Sephardic identity :</subfield><subfield code='b'>essays on a vanishing Jewish culture /</subfield><subfield code='c'>edited by George K. Zucker.</subfield></datafield><datafield ind1=' ' ind2=' ' tag='260'><subfield code='a'>Jefferson, N.C. :</subfield><subfield code='b'>McFarland &amp; Co.,</subfield><subfield code='c'>c2005.</subfield></datafield><datafield ind1=' ' ind2=' ' tag='300'><subfield code='a'>viii, 230 p. ;</subfield><subfield code='c'>23 cm.</subfield></datafield><datafield ind1=' ' ind2=' ' tag='520'><subfield code='a'>&quot;These essays are divided into sections exploring history, sociology, anthropology, language, literature, and the performing arts. An introduction to Sephardism begins the work and a conclusion discusses the Sephardic Education Center, which hopes to assure the culture&apos;s future&quot;--Provided by publisher.</subfield></datafield><datafield ind1=' ' ind2=' ' tag='504'><subfield code='a'>Includes bibliographical references and index.</subfield></datafield><datafield ind1='0' ind2=' ' tag='505'><subfield code='a'>Sephardic scholarship : a personal journey / Isaac Jack Lävy -- Are the Sephardim Jews or Judaized Arabs, Berbers and Iberians? / Paul Wexler -- Iberian exiles in the sixteenth-century Ottoman Empire / Abraham David -- A surreptitious tolerance : Jews, Muslims and Christians in the southern Balearic Islands / Gloria Mound -- Assimilation and identity in Spain, Portugal, and their colonies / Eva Alexandra Uchmany -- Sephardic remnants in Ioannina / Annette B. Fromm -- The power of speech among the Sephardim / Rosemary Lävy Zumwalt -- What language did the Jews speak in pre-expulsion Spain? / Tracy K. Harris -- Don Isaac Abravanel on exile and redemption / Moshe Hallamish -- Judaic motifs and religious inclinations in Romance al divín mártir, Judá Creyente by Antonio Enræquez Gùmez (1600-1663) / Nechama Kramer-Hellinx -- Sebastian de Horozco (1510-1580), the ambivalent anti-Semitic Converso / Jack Weiner -- The Judeo-Spanish press in Salonika : from glory to destruction / Yitzchak Kerem -- The allure of Sepharad / Edna Aizenberg -- Is Sephardic dance too sexy? / Judith Brin Ingber -- Sephardic vocal music and the tape recorder : new life or the end of an oral tradition? / David Harris -- The mediaization of Judeo-Spanish song / Judith Cohen -- The Sephardic education center : crisis of identity and assimilation in modern American Judaism / Michael M. Laskier.</subfield></datafield><datafield ind1=' ' ind2='0' tag='650'><subfield code='a'>Sephardim</subfield><subfield code='x'>History</subfield></datafield><datafield ind1=' ' ind2='0' tag='650'><subfield code='a'>Sephardim</subfield><subfield code='x'>Intellectual life.</subfield></datafield><datafield ind1=' ' ind2='0' tag='650'><subfield code='a'>Jews</subfield><subfield code='x'>Civilization.</subfield></datafield><datafield ind1=' ' ind2='0' tag='650'><subfield code='a'>Jews</subfield><subfield code='x'>Identity.</subfield></datafield><datafield ind1=' ' ind2='7' tag='655'><subfield code='a'>History</subfield><subfield code='2'>fast</subfield><subfield code='0'>(OCoLC)fst01411628</subfield></datafield><datafield ind1='1' ind2=' ' tag='700'><subfield code='a'>Zucker, George K.,</subfield><subfield code='d'>1939-</subfield></datafield><datafield ind1='0' ind2='8' tag='776'><subfield code='i'>Online version:</subfield><subfield code='t'>Sephardic identity.</subfield><subfield code='d'>Jefferson, N.C. : McFarland &amp; Co., ©2005</subfield><subfield code='w'>(OCoLC)607570692</subfield></datafield><datafield ind1='1' ind2=' ' tag='583'><subfield code='a'>committed to retain</subfield><subfield code='c'>20181001</subfield><subfield code='d'>in perpetuity</subfield><subfield code='f'>ReCAP Shared Collection</subfield><subfield code='5'>HUL</subfield><subfield code='8'>222086819100003941</subfield></datafield><datafield ind1='0' ind2=' ' tag='852'><subfield code='c'>HD</subfield><subfield code='h'>DS134</subfield><subfield code='i'>.S379 2005</subfield><subfield code='0'>13654686</subfield><subfield code='b'>scsbhl</subfield></datafield><datafield ind1=' ' ind2=' ' tag='876'><subfield code='0'>13654686</subfield><subfield code='a'>19480102</subfield><subfield code='h'> </subfield><subfield code='j'>Available</subfield><subfield code='k'>WID</subfield><subfield code='p'>HXSTMP</subfield><subfield code='x'>Shared</subfield><subfield code='z'>HW</subfield><subfield code='l'>HD</subfield></datafield></record>