
<record><leader>02533cam a2200457Ii 4500</leader><controlfield tag='001'>SCSB-14140078</controlfield><controlfield tag='003'>NNC</controlfield><controlfield tag='005'>20240626003339.0</controlfield><controlfield tag='008'>200926t20212020tu a     b    001 0 eng d</controlfield><controlfield tag='009'>15583904</controlfield><datafield ind1=' ' ind2=' ' tag='020'><subfield code='a'>9786057685360</subfield><subfield code='q'>paperback</subfield></datafield><datafield ind1=' ' ind2=' ' tag='020'><subfield code='a'>6057685369</subfield><subfield code='q'>paperback</subfield></datafield><datafield ind1=' ' ind2=' ' tag='024'><subfield code='a'>40030612819</subfield></datafield><datafield ind1=' ' ind2=' ' tag='035'><subfield code='a'>(OCoLC)on1197851410</subfield></datafield><datafield ind1=' ' ind2=' ' tag='035'><subfield code='a'>(OCoLC)1197851410</subfield></datafield><datafield ind1=' ' ind2=' ' tag='035'><subfield code='a'>15583904</subfield></datafield><datafield ind1=' ' ind2=' ' tag='040'><subfield code='a'>YDX</subfield><subfield code='b'>eng</subfield><subfield code='e'>rda</subfield><subfield code='c'>YDX</subfield><subfield code='d'>BDX</subfield><subfield code='d'>MYG</subfield></datafield><datafield ind1=' ' ind2=' ' tag='043'><subfield code='a'>n-us---</subfield><subfield code='a'>a-tu---</subfield></datafield><datafield ind1='1' ind2='4' tag='050'><subfield code='a'>E184.355</subfield><subfield code='b'>.S47 2021</subfield></datafield><datafield ind1='0' ind2='0' tag='245'><subfield code='a'>Sephardic trajectories :</subfield><subfield code='b'>archives, objects, and the Ottoman Jewish past in the United States /</subfield><subfield code='c'>editors: Kerem Tinaz, Oscar Aguirre-Mandujano.</subfield></datafield><datafield ind1=' ' ind2=' ' tag='250'><subfield code='a'>1st edition.</subfield></datafield><datafield ind1=' ' ind2='1' tag='264'><subfield code='a'>[Istanbul] :</subfield><subfield code='b'>Koç University Press,</subfield><subfield code='c'>2021.</subfield></datafield><datafield ind1=' ' ind2='4' tag='264'><subfield code='c'>©2020</subfield></datafield><datafield ind1=' ' ind2=' ' tag='300'><subfield code='a'>253 pages :</subfield><subfield code='b'>color illustrations ;</subfield><subfield code='c'>24 cm</subfield></datafield><datafield ind1=' ' ind2=' ' tag='336'><subfield code='a'>text</subfield><subfield code='b'>txt</subfield><subfield code='2'>rdacontent</subfield></datafield><datafield ind1=' ' ind2=' ' tag='337'><subfield code='a'>unmediated</subfield><subfield code='b'>n</subfield><subfield code='2'>rdamedia</subfield></datafield><datafield ind1=' ' ind2=' ' tag='338'><subfield code='a'>volume</subfield><subfield code='b'>nc</subfield><subfield code='2'>rdacarrier</subfield></datafield><datafield ind1=' ' ind2=' ' tag='504'><subfield code='a'>Includes bibliographical references</subfield></datafield><datafield ind1='0' ind2='0' tag='505'><subfield code='t'>Ottoman imprints and erasures among Seattle&apos;s Sephardic Jews /</subfield><subfield code='r'>Devin E. Naar --</subfield><subfield code='t'>&quot;The seeds for a new Judeo-Spanish culture on the shores of Puget Sound&quot;? : building the Sephardic Studies Collection at the University of Washington /</subfield><subfield code='r'>Ty Alhadeff --</subfield><subfield code='t'>From the Aegean to the Pacific : Ottoman legacies in Seattle Sephardi synagogues --</subfield><subfield code='t'>Walking through a library : notes on the Ladino novel and some other books /</subfield><subfield code='r'>Laurent Mignon --</subfield><subfield code='t'>Sephardic soldiers in the Late Ottoman army --</subfield><subfield code='t'>Artifacts and their aftermath : the imperial and post-imperial trajectories of Late Ottoman material objects /</subfield><subfield code='r'>Benjamin C. Fortina --</subfield><subfield code='t'>Narrating Sephardic histories : a reflection /</subfield><subfield code='r'>Chris Gratlen, Sam Negri --</subfield><subfield code='t'>Amid Galanti&apos;s private documents : reflections on the legacy, trajectory, and preservation of a Sephardic intellectual&apos;s past /</subfield><subfield code='r'>Kerem Tinaz --</subfield><subfield code='t'>Galante&apos;s daughter : crafting an archival family memoir /</subfield><subfield code='r'>Hannah S. Pressman</subfield></datafield><datafield ind1=' ' ind2='0' tag='650'><subfield code='a'>Sephardim</subfield><subfield code='z'>United States.</subfield></datafield><datafield ind1=' ' ind2='0' tag='650'><subfield code='a'>Sephardim</subfield><subfield code='z'>Turkey</subfield><subfield code='x'>History.</subfield></datafield><datafield ind1=' ' ind2='0' tag='650'><subfield code='a'>Jews</subfield><subfield code='x'>Migrations</subfield><subfield code='x'>History.</subfield></datafield><datafield ind1=' ' ind2='0' tag='650'><subfield code='a'>Jewish archives</subfield><subfield code='z'>United States.</subfield></datafield><datafield ind1=' ' ind2='7' tag='650'><subfield code='a'>Jewish archives.</subfield><subfield code='2'>fast</subfield><subfield code='0'>(OCoLC)fst00982642</subfield></datafield><datafield ind1=' ' ind2='7' tag='650'><subfield code='a'>Sephardim.</subfield><subfield code='2'>fast</subfield><subfield code='0'>(OCoLC)fst01112767</subfield></datafield><datafield ind1=' ' ind2='7' tag='650'><subfield code='a'>Jews</subfield><subfield code='x'>Migrations.</subfield><subfield code='2'>fast</subfield><subfield code='0'>(OCoLC)fst00983310</subfield></datafield><datafield ind1=' ' ind2='7' tag='651'><subfield code='a'>Turkey.</subfield><subfield code='2'>fast</subfield><subfield code='0'>(OCoLC)fst01208963</subfield></datafield><datafield ind1=' ' ind2='7' tag='651'><subfield code='a'>United States.</subfield><subfield code='2'>fast</subfield><subfield code='0'>(OCoLC)fst01204155</subfield></datafield><datafield ind1=' ' ind2='7' tag='655'><subfield code='a'>History.</subfield><subfield code='2'>fast</subfield><subfield code='0'>(OCoLC)fst01411628</subfield></datafield><datafield ind1='0' ind2='0' tag='852'><subfield code='h'>E184.355 .S47 2021g</subfield><subfield code='0'>15086269</subfield><subfield code='b'>scsbcul</subfield></datafield><datafield ind1=' ' ind2=' ' tag='876'><subfield code='0'>15086269</subfield><subfield code='a'>21563279</subfield><subfield code='h'> </subfield><subfield code='j'>Available</subfield><subfield code='p'>CU28085639</subfield><subfield code='t'>1</subfield><subfield code='x'>Shared</subfield><subfield code='z'>CU</subfield><subfield code='l'>RECAP</subfield></datafield></record>