
<record><leader>00000cam a22004337i 4500</leader><controlfield tag='001'>SCSB-12809426</controlfield><controlfield tag='005'>20170526121318.0</controlfield><controlfield tag='008'>160627s2016    nmu      b    001 0 eng  </controlfield><controlfield tag='009'>990149473480203941</controlfield><datafield ind1=' ' ind2=' ' tag='010'><subfield code='a'>^^2016017330</subfield></datafield><datafield ind1=' ' ind2=' ' tag='020'><subfield code='a'>9781935604884 (pbk. : alk. paper)</subfield></datafield><datafield ind1=' ' ind2=' ' tag='020'><subfield code='a'>1935604880 (pbk. : alk. paper)</subfield></datafield><datafield ind1=' ' ind2=' ' tag='035'><subfield code='a'>(OCoLC)952469930</subfield></datafield><datafield ind1=' ' ind2=' ' tag='040'><subfield code='a'>DLC</subfield><subfield code='b'>eng</subfield><subfield code='e'>rda</subfield><subfield code='c'>DLC</subfield><subfield code='d'>OCLCO</subfield></datafield><datafield ind1=' ' ind2=' ' tag='042'><subfield code='a'>pcc</subfield></datafield><datafield ind1=' ' ind2=' ' tag='043'><subfield code='a'>e-fr---</subfield><subfield code='a'>ff-----</subfield></datafield><datafield ind1='0' ind2='0' tag='050'><subfield code='a'>PQ150.N67</subfield><subfield code='b'>L53 2016</subfield></datafield><datafield ind1='0' ind2='0' tag='082'><subfield code='a'>840.9/9287089924061</subfield><subfield code='2'>23</subfield></datafield><datafield ind1='1' ind2=' ' tag='100'><subfield code='a'>Lichtenstein, Nina B.,</subfield><subfield code='e'>author.</subfield></datafield><datafield ind1='1' ind2='0' tag='245'><subfield code='a'>Sephardic women&apos;s voices :</subfield><subfield code='b'>out of North Africa /</subfield><subfield code='c'>Nina B. Lichtenstein.</subfield></datafield><datafield ind1=' ' ind2=' ' tag='250'><subfield code='a'>First edition.</subfield></datafield><datafield ind1=' ' ind2='1' tag='264'><subfield code='a'>Santa Fe, NM :</subfield><subfield code='b'>Gaon Books,</subfield><subfield code='c'>2016.</subfield></datafield><datafield ind1=' ' ind2=' ' tag='300'><subfield code='a'>267 p.</subfield></datafield><datafield ind1=' ' ind2=' ' tag='336'><subfield code='a'>text</subfield><subfield code='b'>txt</subfield><subfield code='2'>rdacontent</subfield></datafield><datafield ind1=' ' ind2=' ' tag='337'><subfield code='a'>unmediated</subfield><subfield code='b'>n</subfield><subfield code='2'>rdamedia</subfield></datafield><datafield ind1=' ' ind2=' ' tag='338'><subfield code='a'>volume</subfield><subfield code='b'>nc</subfield><subfield code='2'>rdacarrier</subfield></datafield><datafield ind1=' ' ind2=' ' tag='504'><subfield code='a'>Includes bibliographical references and index.</subfield></datafield><datafield ind1='0' ind2=' ' tag='505'><subfield code='a'>Introduction -- Historical context. The Jews of the Maghreb: belonging and marginalization -- The Jews in colonial Maghreb: between a rock and a hard place -- Literary considerations. History and writing: a silent exodus and suppressed Sephardic voices -- Vanishing bodies and voices: repressed identities -- The Sephardic woman and postcolonial discourse: theoretical and literary reflections -- Voices. Mothers, fathers and rabbis: Sephardic traces in memory and identity -- Woman as mother, woman as daughter: Annie Cohen, Nina Moati and Gisale Halimi -- Phantom rabbis and marabouts: catalysts of memory and nostalgia in the texts of Annie Cohen and Annie Fitoussie -- Rebels with a cause: fathers and daughters in narratives by Paule Darmon and Chochana Boukhobza -- Conclusion.</subfield></datafield><datafield ind1=' ' ind2='0' tag='650'><subfield code='a'>French literature</subfield><subfield code='x'>North African authors</subfield><subfield code='x'>History and criticism.</subfield></datafield><datafield ind1=' ' ind2='0' tag='650'><subfield code='a'>French literature</subfield><subfield code='x'>Jewish authors</subfield><subfield code='x'>History and criticism.</subfield></datafield><datafield ind1=' ' ind2='0' tag='650'><subfield code='a'>French literature</subfield><subfield code='x'>Women authors</subfield><subfield code='x'>History and criticism</subfield></datafield><datafield ind1=' ' ind2='0' tag='650'><subfield code='a'>French literature</subfield><subfield code='y'>20th century</subfield><subfield code='x'>History and criticism</subfield></datafield><datafield ind1=' ' ind2='0' tag='650'><subfield code='a'>Jewish women in literature.</subfield></datafield><datafield ind1=' ' ind2='0' tag='650'><subfield code='a'>Sephardim in literature.</subfield></datafield><datafield ind1=' ' ind2='0' tag='650'><subfield code='a'>Sephardim</subfield><subfield code='z'>Africa, North.</subfield></datafield><datafield ind1=' ' ind2='0' tag='650'><subfield code='a'>Jews</subfield><subfield code='z'>Africa, North.</subfield></datafield><datafield ind1=' ' ind2='0' tag='650'><subfield code='a'>Jewish women</subfield><subfield code='z'>Africa, North.</subfield></datafield><datafield ind1=' ' ind2='0' tag='650'><subfield code='a'>Jewish women authors</subfield><subfield code='z'>Africa, North</subfield><subfield code='x'>History and criticism.</subfield></datafield><datafield ind1=' ' ind2='7' tag='648'><subfield code='a'>1900-1999</subfield><subfield code='2'>fast</subfield></datafield><datafield ind1=' ' ind2='7' tag='655'><subfield code='a'>Criticism, interpretation, etc.</subfield><subfield code='2'>fast</subfield><subfield code='0'>(OCoLC)fst01411635</subfield></datafield><datafield ind1='0' ind2='8' tag='776'><subfield code='i'>Online version:</subfield><subfield code='a'>Lichtenstein, Nina B.</subfield><subfield code='t'>Sephardic women&apos;s voices.</subfield><subfield code='b'>First edition.</subfield><subfield code='d'>Santa Fe, NM : Gaon Books, 2016</subfield><subfield code='z'>9781935604891</subfield><subfield code='w'>(DLC)  2016030192</subfield></datafield><datafield ind1='1' ind2=' ' tag='583'><subfield code='a'>committed to retain</subfield><subfield code='c'>20181001</subfield><subfield code='d'>in perpetuity</subfield><subfield code='f'>ReCAP Shared Collection</subfield><subfield code='5'>HUL</subfield><subfield code='8'>222184638850003941</subfield></datafield><datafield ind1='0' ind2=' ' tag='852'><subfield code='c'>HD</subfield><subfield code='h'>PQ150.N67</subfield><subfield code='i'>L53 2016</subfield><subfield code='0'>13658141</subfield><subfield code='b'>scsbhl</subfield></datafield><datafield ind1=' ' ind2=' ' tag='876'><subfield code='0'>13658141</subfield><subfield code='a'>19483660</subfield><subfield code='h'> </subfield><subfield code='j'>Available</subfield><subfield code='k'>WID</subfield><subfield code='p'>32044132674896</subfield><subfield code='x'>Shared</subfield><subfield code='z'>HW</subfield><subfield code='l'>HD</subfield></datafield></record>