
<record><leader>01229cam a22003374a 4500</leader><controlfield tag='001'>SCSB-5540891</controlfield><controlfield tag='003'>NNC</controlfield><controlfield tag='005'>20221206031902.0</controlfield><controlfield tag='008'>040318s2003    sp a     b   s001 0dspa  </controlfield><controlfield tag='009'>7959795</controlfield><datafield ind1=' ' ind2=' ' tag='010'><subfield code='a'>  2005378764</subfield></datafield><datafield ind1='1' ind2=' ' tag='029'><subfield code='a'>AU@</subfield><subfield code='b'>000027205859</subfield></datafield><datafield ind1=' ' ind2=' ' tag='035'><subfield code='a'>(OCoLC)ocm60500426</subfield></datafield><datafield ind1=' ' ind2=' ' tag='035'><subfield code='a'>(OCoLC)60500426</subfield></datafield><datafield ind1=' ' ind2=' ' tag='035'><subfield code='a'>(NNC)7959795</subfield></datafield><datafield ind1=' ' ind2=' ' tag='035'><subfield code='a'>7959795</subfield></datafield><datafield ind1=' ' ind2=' ' tag='040'><subfield code='a'>DLC</subfield><subfield code='c'>DLC</subfield></datafield><datafield ind1=' ' ind2=' ' tag='042'><subfield code='a'>pcc</subfield></datafield><datafield ind1=' ' ind2=' ' tag='043'><subfield code='a'>lnca---</subfield></datafield><datafield ind1='0' ind2='0' tag='050'><subfield code='a'>NA1313.S83</subfield><subfield code='b'>D67 2003</subfield></datafield><datafield ind1='1' ind2=' ' tag='100'><subfield code='a'>Doreste Chirino, Luis.</subfield><subfield code='0'>http://id.loc.gov/authorities/names/nr2004018423</subfield></datafield><datafield ind1='1' ind2='3' tag='245'><subfield code='a'>El arquitecto Suárez Valido /</subfield><subfield code='c'>Luis Doreste Chirino.</subfield></datafield><datafield ind1=' ' ind2=' ' tag='260'><subfield code='a'>Las Palmas de Gran Canaria :</subfield><subfield code='b'>Ediciones del Cabildo de Gran Canaria,</subfield><subfield code='c'>2003.</subfield></datafield><datafield ind1=' ' ind2=' ' tag='300'><subfield code='a'>213 pages :</subfield><subfield code='b'>illustrations (some color) ;</subfield><subfield code='c'>26 cm</subfield></datafield><datafield ind1=' ' ind2=' ' tag='336'><subfield code='a'>text</subfield><subfield code='b'>txt</subfield><subfield code='2'>rdacontent</subfield></datafield><datafield ind1=' ' ind2=' ' tag='337'><subfield code='a'>unmediated</subfield><subfield code='b'>n</subfield><subfield code='2'>rdamedia</subfield></datafield><datafield ind1=' ' ind2=' ' tag='504'><subfield code='a'>Includes bibliographical references (p. 211-213) and index.</subfield></datafield><datafield ind1='1' ind2='0' tag='600'><subfield code='a'>Suárez Valido, Fermín,</subfield><subfield code='d'>1910-1969</subfield><subfield code='x'>Criticism and interpretation.</subfield></datafield><datafield ind1=' ' ind2='0' tag='650'><subfield code='a'>Architecture</subfield><subfield code='z'>Canary Islands</subfield><subfield code='x'>History</subfield><subfield code='y'>20th century.</subfield></datafield><datafield ind1='1' ind2=' ' tag='700'><subfield code='a'>Suárez Valido, Fermín,</subfield><subfield code='d'>1910-1969.</subfield><subfield code='0'>http://id.loc.gov/authorities/names/nr2004018422</subfield></datafield><datafield ind1=' ' ind2=' ' tag='901'><subfield code='a'>5f1e8e69-76db-4e0a-9b1b-59135d393e34</subfield><subfield code='b'>13</subfield><subfield code='c'>false</subfield></datafield><datafield ind1='0' ind2='0' tag='852'><subfield code='h'>NA1313.S83 D67 2003g</subfield><subfield code='0'>5534811</subfield><subfield code='b'>scsbcul</subfield></datafield><datafield ind1=' ' ind2=' ' tag='876'><subfield code='0'>5534811</subfield><subfield code='a'>8197954</subfield><subfield code='h'>In Library Use</subfield><subfield code='j'>Available</subfield><subfield code='p'>AR00981591</subfield><subfield code='t'>1</subfield><subfield code='x'>Shared</subfield><subfield code='z'>AR</subfield><subfield code='l'>RECAP</subfield></datafield></record>