
<record><leader>00000nam  22003134a 4500</leader><controlfield tag='001'>SCSB-9300582</controlfield><controlfield tag='003'>OCoLC</controlfield><controlfield tag='005'>20050708063344.7</controlfield><controlfield tag='008'>040318s2003    sp a     b   s001 0dspa  nam4a </controlfield><controlfield tag='009'>.b160721167</controlfield><datafield ind1='1' ind2=' ' tag='100'><subfield code='a'>Doreste Chirino, Luis.</subfield></datafield><datafield ind1='1' ind2=' ' tag='700'><subfield code='a'>Suárez Valido, Fermín,</subfield><subfield code='d'>1910-1969.</subfield></datafield><datafield ind1='1' ind2='0' tag='600'><subfield code='a'>Suárez Valido, Fermín,</subfield><subfield code='d'>1910-1969</subfield><subfield code='x'>Criticism and interpretation.</subfield></datafield><datafield ind1=' ' ind2='0' tag='650'><subfield code='a'>Architecture</subfield><subfield code='z'>Canary Islands</subfield><subfield code='y'>20th century.</subfield></datafield><datafield ind1=' ' ind2=' ' tag='010'><subfield code='a'>2005378764</subfield></datafield><datafield ind1=' ' ind2=' ' tag='504'><subfield code='a'>Includes bibliographical references (p. 211-213) and index.</subfield></datafield><datafield ind1=' ' ind2=' ' tag='260'><subfield code='a'>Las Palmas de Gran Canaria :</subfield><subfield code='b'>Ediciones del Cabildo de Gran Canaria,</subfield><subfield code='c'>2003.</subfield></datafield><datafield ind1=' ' ind2=' ' tag='300'><subfield code='a'>213 p. :</subfield><subfield code='b'>ill. (some col.) ;</subfield><subfield code='c'>26 cm.</subfield></datafield><datafield ind1='1' ind2='3' tag='245'><subfield code='a'>El arquitecto Suárez Valido /</subfield><subfield code='c'>Luis Doreste Chirino.</subfield></datafield><datafield ind1=' ' ind2=' ' tag='040'><subfield code='a'>DLC</subfield><subfield code='c'>DLC</subfield><subfield code='d'>NYP</subfield><subfield code='d'>UtOrBLW</subfield></datafield><datafield ind1=' ' ind2=' ' tag='042'><subfield code='a'>pcc</subfield></datafield><datafield ind1=' ' ind2=' ' tag='043'><subfield code='a'>lnca---</subfield></datafield><datafield ind1=' ' ind2=' ' tag='049'><subfield code='a'>NYPP</subfield></datafield><datafield ind1='0' ind2='0' tag='050'><subfield code='a'>NA1313.S83</subfield><subfield code='b'>D67 2003</subfield></datafield><datafield ind1='0' ind2='0' tag='908'><subfield code='a'>NA1313.S83</subfield><subfield code='b'>D67 2003</subfield></datafield><datafield ind1=' ' ind2=' ' tag='901'><subfield code='b'>ha</subfield><subfield code='c'>cft/wlt</subfield></datafield><datafield ind1=' ' ind2=' ' tag='946'><subfield code='a'>m</subfield></datafield><datafield ind1=' ' ind2=' ' tag='997'><subfield code='a'>ha</subfield><subfield code='b'>07-08-05</subfield><subfield code='c'>m</subfield><subfield code='d'>a</subfield><subfield code='e'>-</subfield><subfield code='f'>spa</subfield><subfield code='g'>sp</subfield><subfield code='h'>3</subfield></datafield><datafield ind1='0' ind2='0' tag='907'><subfield code='a'>.b160721167</subfield></datafield><datafield ind1=' ' ind2=' ' tag='035'><subfield code='a'>(OCoLC)60500426</subfield></datafield><datafield ind1=' ' ind2=' ' tag='901'><subfield code='a'>5f1e8e69-76db-4e0a-9b1b-59135d393e34</subfield><subfield code='b'>13</subfield><subfield code='c'>false</subfield></datafield><datafield ind1='8' ind2=' ' tag='852'><subfield code='h'>JQF 05-1106</subfield><subfield code='0'>9676460</subfield><subfield code='b'>scsbnypl</subfield></datafield><datafield ind1=' ' ind2=' ' tag='876'><subfield code='0'>9676460</subfield><subfield code='a'>15384765</subfield><subfield code='h'>In Library Use</subfield><subfield code='j'>Available</subfield><subfield code='p'>33433068648744</subfield><subfield code='t'>1</subfield><subfield code='x'>Open</subfield><subfield code='z'>NA</subfield><subfield code='l'>RECAP</subfield></datafield></record>