
<record><leader>02256cam a2200493 i 4500</leader><controlfield tag='001'>SCSB-14143830</controlfield><controlfield tag='003'>NNC</controlfield><controlfield tag='005'>20240626182021.0</controlfield><controlfield tag='008'>220218s2022    sp a     b    001 0 spa d</controlfield><controlfield tag='009'>16298929</controlfield><datafield ind1=' ' ind2=' ' tag='020'><subfield code='a'>9788418760051 :</subfield><subfield code='c'>29.00 EUR</subfield></datafield><datafield ind1=' ' ind2=' ' tag='035'><subfield code='a'>(OCoLC)1300428930</subfield></datafield><datafield ind1=' ' ind2=' ' tag='035'><subfield code='a'>(ItFiC)it 60857133</subfield></datafield><datafield ind1=' ' ind2=' ' tag='035'><subfield code='a'>16298929</subfield></datafield><datafield ind1=' ' ind2=' ' tag='040'><subfield code='a'>ItFiC</subfield><subfield code='b'>eng</subfield><subfield code='e'>rda</subfield><subfield code='c'>ItFiC</subfield></datafield><datafield ind1=' ' ind2=' ' tag='043'><subfield code='a'>e-sp---</subfield></datafield><datafield ind1='0' ind2='0' tag='050'><subfield code='a'>NA1306</subfield><subfield code='b'>.I75 2022</subfield></datafield><datafield ind1='1' ind2=' ' tag='100'><subfield code='a'>Irisarri, Carlos J.,</subfield><subfield code='e'>author.</subfield><subfield code='4'>http://id.loc.gov/vocabulary/relators/aut</subfield><subfield code='0'>http://id.loc.gov/authorities/names/no2022133866</subfield></datafield><datafield ind1='1' ind2='3' tag='245'><subfield code='a'>El arquitecto ilustrado :</subfield><subfield code='b'>del oficio a la profesión /</subfield><subfield code='c'>Carlos J. Irisarri.</subfield></datafield><datafield ind1=' ' ind2='1' tag='264'><subfield code='a'>Madrid :</subfield><subfield code='b'>Centro de Estudios Europa Hispánica,</subfield><subfield code='c'>[2022]</subfield></datafield><datafield ind1=' ' ind2=' ' tag='300'><subfield code='a'>271 pages :</subfield><subfield code='b'>illustrations (chiefly color) ;</subfield><subfield code='c'>24 cm.</subfield></datafield><datafield ind1=' ' ind2=' ' tag='336'><subfield code='a'>still image</subfield><subfield code='b'>sti</subfield><subfield code='2'>rdacontent</subfield></datafield><datafield ind1=' ' ind2=' ' tag='336'><subfield code='a'>text</subfield><subfield code='b'>txt</subfield><subfield code='2'>rdacontent</subfield></datafield><datafield ind1=' ' ind2=' ' tag='337'><subfield code='a'>unmediated</subfield><subfield code='b'>n</subfield><subfield code='2'>rdamedia</subfield></datafield><datafield ind1=' ' ind2=' ' tag='338'><subfield code='a'>volume</subfield><subfield code='b'>nc</subfield><subfield code='2'>rdacarrier</subfield></datafield><datafield ind1='1' ind2=' ' tag='490'><subfield code='a'>Colección Confluencias</subfield></datafield><datafield ind1=' ' ind2=' ' tag='504'><subfield code='a'>Includes bibliographical references (pages 260-267) and index.</subfield></datafield><datafield ind1=' ' ind2='0' tag='650'><subfield code='a'>Architecture</subfield><subfield code='z'>Spain</subfield><subfield code='x'>History</subfield><subfield code='y'>18th century.</subfield></datafield><datafield ind1=' ' ind2='0' tag='650'><subfield code='a'>Architectural practice</subfield><subfield code='z'>Spain</subfield><subfield code='x'>History</subfield><subfield code='y'>18th century.</subfield></datafield><datafield ind1=' ' ind2='0' tag='650'><subfield code='a'>Architects</subfield><subfield code='z'>Spain</subfield><subfield code='x'>History</subfield><subfield code='y'>18th century.</subfield></datafield><datafield ind1='2' ind2='0' tag='610'><subfield code='a'>Real Academia de Bellas Artes de San Fernando</subfield><subfield code='x'>History</subfield><subfield code='y'>18th century.</subfield></datafield><datafield ind1=' ' ind2='0' tag='830'><subfield code='a'>Colección Confluencias (Centro de Estudios Europa Hispánica)</subfield><subfield code='0'>http://id.loc.gov/authorities/names/no2008042859</subfield></datafield><datafield ind1=' ' ind2=' ' tag='901'><subfield code='a'>a0c8c7b6-e8e6-427c-a026-4af49610a88b</subfield><subfield code='b'>25</subfield><subfield code='c'>false</subfield></datafield><datafield ind1='0' ind2='0' tag='852'><subfield code='h'>NA1306 .I75 2022</subfield><subfield code='0'>15089579</subfield><subfield code='b'>scsbcul</subfield></datafield><datafield ind1=' ' ind2=' ' tag='876'><subfield code='0'>15089579</subfield><subfield code='a'>21567288</subfield><subfield code='h'>In Library Use</subfield><subfield code='j'>Available</subfield><subfield code='p'>AR02830353</subfield><subfield code='t'>1</subfield><subfield code='x'>Shared</subfield><subfield code='z'>AR</subfield><subfield code='l'>RECAP</subfield></datafield></record>