
<record><leader>01061cam a2200325 i 4500</leader><controlfield tag='001'>SCSB-9431649</controlfield><controlfield tag='003'>NNC</controlfield><controlfield tag='005'>20240618202646.0</controlfield><controlfield tag='008'>180821s2018    pr            000 p spa c</controlfield><controlfield tag='009'>13792352</controlfield><datafield ind1=' ' ind2=' ' tag='020'><subfield code='a'>9781942989509</subfield></datafield><datafield ind1=' ' ind2=' ' tag='020'><subfield code='a'>1942989504</subfield></datafield><datafield ind1=' ' ind2=' ' tag='035'><subfield code='a'>(OCoLC)on1048951882</subfield></datafield><datafield ind1=' ' ind2=' ' tag='035'><subfield code='a'>(OCoLC)1048951882</subfield></datafield><datafield ind1=' ' ind2=' ' tag='035'><subfield code='a'>13792352</subfield></datafield><datafield ind1=' ' ind2=' ' tag='040'><subfield code='a'>PAU</subfield><subfield code='b'>eng</subfield><subfield code='e'>rda</subfield><subfield code='c'>PAU</subfield><subfield code='d'>STF</subfield><subfield code='d'>OCLCF</subfield><subfield code='d'>OCLCO</subfield><subfield code='d'>YUS</subfield><subfield code='d'>COD</subfield></datafield><datafield ind1=' ' ind2=' ' tag='042'><subfield code='a'>pcc</subfield></datafield><datafield ind1=' ' ind2=' ' tag='049'><subfield code='a'>ZCUA</subfield></datafield><datafield ind1=' ' ind2='4' tag='050'><subfield code='a'>PQ7440.S26</subfield><subfield code='b'>H87 2018</subfield></datafield><datafield ind1='1' ind2=' ' tag='100'><subfield code='a'>Santos-Febres, Mayra,</subfield><subfield code='d'>1966-</subfield><subfield code='e'>author.</subfield><subfield code='4'>http://id.loc.gov/vocabulary/relators/aut</subfield><subfield code='0'>http://id.loc.gov/authorities/names/n97008809</subfield></datafield><datafield ind1='1' ind2='0' tag='245'><subfield code='a'>Huracanada /</subfield><subfield code='c'>Mayra Santos-Febres.</subfield></datafield><datafield ind1=' ' ind2='1' tag='264'><subfield code='a'>San Juan :</subfield><subfield code='b'>Trabalis,</subfield><subfield code='c'>2018.</subfield></datafield><datafield ind1=' ' ind2=' ' tag='300'><subfield code='a'>82 pages ;</subfield><subfield code='c'>21 cm</subfield></datafield><datafield ind1=' ' ind2=' ' tag='336'><subfield code='a'>text</subfield><subfield code='b'>txt</subfield><subfield code='2'>rdacontent</subfield></datafield><datafield ind1=' ' ind2=' ' tag='337'><subfield code='a'>unmediated</subfield><subfield code='b'>n</subfield><subfield code='2'>rdamedia</subfield></datafield><datafield ind1=' ' ind2=' ' tag='338'><subfield code='a'>volume</subfield><subfield code='b'>nc</subfield><subfield code='2'>rdacarrier</subfield></datafield><datafield ind1=' ' ind2=' ' tag='500'><subfield code='a'>Poems.</subfield></datafield><datafield ind1=' ' ind2='7' tag='655'><subfield code='a'>Poetry.</subfield><subfield code='2'>lcgft</subfield><subfield code='0'>http://id.loc.gov/authorities/genreForms/gf2014026481.</subfield></datafield><datafield ind1=' ' ind2='7' tag='655'><subfield code='a'>Poetry.</subfield><subfield code='2'>fast</subfield><subfield code='0'>(OCoLC)fst01423828.</subfield></datafield><datafield ind1=' ' ind2=' ' tag='901'><subfield code='a'>8cd51b8e-0519-4d7a-ae88-f2af80a8ac94</subfield><subfield code='b'>25</subfield><subfield code='c'>false</subfield></datafield><datafield ind1='0' ind2='0' tag='852'><subfield code='h'>PQ7440.S26 H87 2018g</subfield><subfield code='0'>9971803</subfield><subfield code='b'>scsbcul</subfield></datafield><datafield ind1=' ' ind2=' ' tag='876'><subfield code='0'>9971803</subfield><subfield code='a'>15666020</subfield><subfield code='h'> </subfield><subfield code='j'>Available</subfield><subfield code='p'>CU90885848</subfield><subfield code='t'>1</subfield><subfield code='x'>Shared</subfield><subfield code='z'>CU</subfield><subfield code='l'>RECAP</subfield></datafield></record>