
<record><leader>00000nam a2200385 i 4500</leader><controlfield tag='001'>SCSB-14265673</controlfield><controlfield tag='003'>ItFiC</controlfield><controlfield tag='005'>20220505163918.0</controlfield><controlfield tag='008'>220308e202203  it       b    000 0 spa dnam i </controlfield><controlfield tag='009'>.b228614879</controlfield><datafield ind1='1' ind2=' ' tag='100'><subfield code='a'>Carini, Sara,</subfield><subfield code='e'>author.</subfield></datafield><datafield ind1='1' ind2='0' tag='600'><subfield code='a'>Campbell Barr, Shirley,</subfield><subfield code='d'>1965-</subfield><subfield code='x'>Criticism and interpretation.</subfield></datafield><datafield ind1='1' ind2='0' tag='600'><subfield code='a'>Santos-Febres, Mayra,</subfield><subfield code='d'>1966-</subfield><subfield code='x'>Criticism and interpretation.</subfield></datafield><datafield ind1=' ' ind2=' ' tag='250'><subfield code='a'>Prima edizione.</subfield></datafield><datafield ind1=' ' ind2=' ' tag='020'><subfield code='a'>9788855266543 :</subfield><subfield code='c'>28.00 EUR</subfield></datafield><datafield ind1=' ' ind2=' ' tag='504'><subfield code='a'>Includes bibliographical references.</subfield></datafield><datafield ind1=' ' ind2='1' tag='264'><subfield code='a'>Milano - Italy :</subfield><subfield code='b'>Ledizioni,</subfield><subfield code='c'>marzo 2022.</subfield></datafield><datafield ind1=' ' ind2=' ' tag='300'><subfield code='a'>253 pages ;</subfield><subfield code='c'>24 cm</subfield></datafield><datafield ind1=' ' ind2=' ' tag='336'><subfield code='a'>text</subfield><subfield code='b'>txt</subfield><subfield code='2'>rdacontent</subfield></datafield><datafield ind1=' ' ind2=' ' tag='337'><subfield code='a'>unmediated</subfield><subfield code='b'>n</subfield><subfield code='2'>rdamedia</subfield></datafield><datafield ind1=' ' ind2=' ' tag='338'><subfield code='a'>volume</subfield><subfield code='b'>nc</subfield><subfield code='2'>rdacarrier</subfield></datafield><datafield ind1='1' ind2='3' tag='245'><subfield code='a'>La expresión poética de Shirley Campbell Barr y Mayra Santos Febres /</subfield><subfield code='c'>Sara Carini.</subfield></datafield><datafield ind1=' ' ind2=' ' tag='040'><subfield code='a'>ItFiC</subfield><subfield code='b'>eng</subfield><subfield code='e'>rda</subfield><subfield code='c'>ItFiC</subfield></datafield><datafield ind1='0' ind2='0' tag='050'><subfield code='a'>PQ7489.3.C36</subfield><subfield code='b'>Z53 2022</subfield></datafield><datafield ind1='0' ind2='0' tag='908'><subfield code='a'>PQ7489.3.C36</subfield><subfield code='b'>Z53 2022</subfield></datafield><datafield ind1=' ' ind2=' ' tag='901'><subfield code='a'>CSL</subfield><subfield code='c'>it 22705945</subfield></datafield><datafield ind1=' ' ind2=' ' tag='910'><subfield code='a'>RL</subfield></datafield><datafield ind1=' ' ind2=' ' tag='960'><subfield code='s'>3381</subfield><subfield code='u'>50111sasb</subfield><subfield code='t'>MAL</subfield><subfield code='a'>p</subfield><subfield code='d'>r</subfield><subfield code='e'>f</subfield><subfield code='f'>a</subfield><subfield code='g'>b</subfield><subfield code='i'>a</subfield><subfield code='m'>1</subfield><subfield code='v'>csl</subfield><subfield code='w'>ita</subfield><subfield code='x'>it</subfield></datafield><datafield ind1=' ' ind2=' ' tag='981'><subfield code='e'>30.80</subfield><subfield code='i'>30.74</subfield><subfield code='k'>USD</subfield><subfield code='u'>3.07</subfield></datafield><datafield ind1='0' ind2='0' tag='907'><subfield code='a'>.b228614879</subfield></datafield><datafield ind1=' ' ind2=' ' tag='035'><subfield code='a'>(OCoLC)1315022072</subfield></datafield><datafield ind1=' ' ind2=' ' tag='901'><subfield code='a'>fc65e1de-a8c2-41b1-95a1-cd679bce050f</subfield><subfield code='b'>25</subfield><subfield code='c'>false</subfield></datafield><datafield ind1='8' ind2=' ' tag='852'><subfield code='h'>ReCAP 22-72002</subfield><subfield code='0'>15218100</subfield><subfield code='b'>scsbnypl</subfield></datafield><datafield ind1=' ' ind2=' ' tag='876'><subfield code='0'>15218100</subfield><subfield code='a'>21734996</subfield><subfield code='j'>Available</subfield><subfield code='p'>33433133591994</subfield><subfield code='t'>1</subfield><subfield code='x'>Open</subfield><subfield code='z'>NA</subfield><subfield code='l'>RECAP</subfield></datafield></record>