
<record><leader>01410nac a2200301I  4500</leader><controlfield tag='001'>SCSB-7734586</controlfield><controlfield tag='003'>OCoLC</controlfield><controlfield tag='005'>20000629183605.0</controlfield><controlfield tag='008'>871102s1929    maua          000 0 eng  </controlfield><controlfield tag='009'>.b124433753</controlfield><datafield ind1=' ' ind2=' ' tag='010'><subfield code='a'>29018814</subfield></datafield><datafield ind1=' ' ind2=' ' tag='040'><subfield code='a'>DLC</subfield><subfield code='c'>JFK</subfield><subfield code='d'>JFK</subfield><subfield code='d'>NYP</subfield><subfield code='d'>WaOLN</subfield></datafield><datafield ind1=' ' ind2=' ' tag='049'><subfield code='a'>NYPG</subfield></datafield><datafield ind1='0' ind2='0' tag='050'><subfield code='a'>E457.35</subfield><subfield code='b'>.M687</subfield></datafield><datafield ind1='0' ind2='4' tag='245'><subfield code='a'>The Lincoln year of the Atlantic monthly,</subfield><subfield code='b'>a &quot;scrap&quot; book.</subfield></datafield><datafield ind1=' ' ind2=' ' tag='260'><subfield code='a'>[Boston]</subfield><subfield code='c'>1929.</subfield></datafield><datafield ind1=' ' ind2=' ' tag='300'><subfield code='a'>facsim.: [46] p.</subfield><subfield code='b'>illus.</subfield><subfield code='c'>28 x 24 cm.</subfield></datafield><datafield ind1=' ' ind2=' ' tag='500'><subfield code='a'>A facsimile of mounted newspaper clippings and ms. t.-p.</subfield></datafield><datafield ind1=' ' ind2=' ' tag='500'><subfield code='a'>Criticism of a serial entitled &quot;Lincoln the lover&quot; by Wilma Frances Minor, purporting to contain hitherto unpublished letters of Lincoln to Ann Rutledge and other friends, and from Ann to Lincoln. Three installments of this serial appeared in the Atlantic monthly, Dec. 1928-Feb. 1929.</subfield></datafield><datafield ind1=' ' ind2=' ' tag='500'><subfield code='a'>no.5 of 6 photostat copies issued by the Massachusetts Historical Society.</subfield></datafield><datafield ind1='1' ind2='0' tag='600'><subfield code='a'>Minor, Wilma Frances.</subfield><subfield code='t'>Lincoln the lover.</subfield></datafield><datafield ind1='1' ind2='0' tag='600'><subfield code='a'>Lincoln, Abraham,</subfield><subfield code='d'>1809-1865.</subfield></datafield><datafield ind1='0' ind2='0' tag='630'><subfield code='a'>Atlantic monthly.</subfield></datafield><datafield ind1='2' ind2=' ' tag='710'><subfield code='a'>Massachusetts Historical Society.</subfield></datafield><datafield ind1=' ' ind2=' ' tag='907'><subfield code='a'>.b124433753</subfield><subfield code='c'>c</subfield><subfield code='d'>a</subfield><subfield code='e'>-</subfield><subfield code='f'>eng</subfield><subfield code='g'>mau</subfield><subfield code='h'>4</subfield><subfield code='i'>1</subfield></datafield><datafield ind1=' ' ind2=' ' tag='035'><subfield code='a'>(OCoLC)16925885</subfield></datafield><datafield ind1='8' ind2=' ' tag='852'><subfield code='h'>AN (Lincoln) (Lincoln year of the Atlantic monthly)</subfield><subfield code='0'>7869898</subfield><subfield code='b'>scsbnypl</subfield></datafield><datafield ind1=' ' ind2=' ' tag='866'><subfield code='a'>1928-29</subfield><subfield code='0'>7869898</subfield></datafield><datafield ind1=' ' ind2=' ' tag='876'><subfield code='0'>7869898</subfield><subfield code='3'>1928-29</subfield><subfield code='a'>12919192</subfield><subfield code='j'>Available</subfield><subfield code='p'>33433103445379</subfield><subfield code='t'>1</subfield><subfield code='x'>Shared</subfield><subfield code='z'>NA</subfield><subfield code='l'>RECAP</subfield></datafield></record>