
<record><leader>00742ctm a22002773  4500</leader><controlfield tag='001'>SCSB-4471780</controlfield><controlfield tag='003'>NNC</controlfield><controlfield tag='005'>20221102172605.0</controlfield><controlfield tag='008'>      s1919    nyu               0 eng d</controlfield><controlfield tag='009'>4310164</controlfield><datafield ind1=' ' ind2=' ' tag='035'><subfield code='a'>(OCoLC)56169178</subfield></datafield><datafield ind1=' ' ind2=' ' tag='035'><subfield code='a'>(OCoLC)ocm56169178</subfield></datafield><datafield ind1=' ' ind2=' ' tag='035'><subfield code='a'>(GIS)glx00027590</subfield></datafield><datafield ind1=' ' ind2=' ' tag='035'><subfield code='a'>(NNC)4310164</subfield></datafield><datafield ind1=' ' ind2=' ' tag='035'><subfield code='a'>4310164</subfield></datafield><datafield ind1=' ' ind2=' ' tag='040'><subfield code='a'>NNC</subfield><subfield code='c'>NNC</subfield></datafield><datafield ind1='1' ind2=' ' tag='100'><subfield code='a'>Fraser, Frances Maxwell.</subfield></datafield><datafield ind1='1' ind2='0' tag='245'><subfield code='a'>Contributions of the Atlantic Monthly to public opinion.</subfield></datafield><datafield ind1=' ' ind2=' ' tag='260'><subfield code='c'>1919.</subfield></datafield><datafield ind1=' ' ind2=' ' tag='300'><subfield code='a'>1 v.</subfield></datafield><datafield ind1=' ' ind2=' ' tag='336'><subfield code='a'>text</subfield><subfield code='b'>txt</subfield><subfield code='2'>rdacontent</subfield></datafield><datafield ind1=' ' ind2=' ' tag='337'><subfield code='a'>unmediated</subfield><subfield code='b'>n</subfield><subfield code='2'>rdamedia</subfield></datafield><datafield ind1=' ' ind2=' ' tag='340'><subfield code='d'>manuscript</subfield></datafield><datafield ind1=' ' ind2=' ' tag='500'><subfield code='a'>Masters essay. Columbia University.</subfield></datafield><datafield ind1=' ' ind2=' ' tag='752'><subfield code='a'>United States</subfield><subfield code='b'>New York (State).</subfield><subfield code='2'>naf</subfield></datafield><datafield ind1='8' ind2=' ' tag='852'><subfield code='h'>MA 1919 FRASF</subfield><subfield code='0'>4479896</subfield><subfield code='b'>scsbcul</subfield></datafield><datafield ind1=' ' ind2=' ' tag='876'><subfield code='0'>4479896</subfield><subfield code='a'>6522778</subfield><subfield code='h'> </subfield><subfield code='j'>Available</subfield><subfield code='p'>CU57411131</subfield><subfield code='t'>1</subfield><subfield code='x'>Shared</subfield><subfield code='z'>CU</subfield><subfield code='l'>RECAP</subfield></datafield></record>