
<record><leader>00852nam a2200253Ia 4500</leader><controlfield tag='001'>SCSB-13288448</controlfield><controlfield tag='005'>20020606163548.3</controlfield><controlfield tag='008'>940926s1936    fr       b    000 0 eng d</controlfield><controlfield tag='009'>990069218470203941</controlfield><datafield ind1=' ' ind2=' ' tag='035'><subfield code='a'>(OCoLC)31180359</subfield></datafield><datafield ind1=' ' ind2=' ' tag='040'><subfield code='a'>IXA</subfield><subfield code='c'>IXA</subfield><subfield code='d'>HLS</subfield></datafield><datafield ind1=' ' ind2=' ' tag='090'><subfield code='a'>Z2682.5</subfield><subfield code='b'>.W555 1936</subfield></datafield><datafield ind1='1' ind2=' ' tag='100'><subfield code='a'>Williams, Robert H.</subfield></datafield><datafield ind1='1' ind2='2' tag='245'><subfield code='a'>A manuscript document on the translation from Spanish by Captain John Stevens /</subfield><subfield code='c'>Robert H. Williams.</subfield></datafield><datafield ind1=' ' ind2=' ' tag='260'><subfield code='a'>Paris :</subfield><subfield code='b'>Boivin et Cie.,</subfield><subfield code='c'>[1936]</subfield></datafield><datafield ind1=' ' ind2=' ' tag='300'><subfield code='a'>p. [144]-166 ;</subfield><subfield code='c'>25 cm.</subfield></datafield><datafield ind1=' ' ind2=' ' tag='500'><subfield code='a'>Cover title.</subfield></datafield><datafield ind1=' ' ind2=' ' tag='500'><subfield code='a'>&quot;Extrait de la Revue de littérature comparée, janvier-msrs 1936.&quot;</subfield></datafield><datafield ind1=' ' ind2=' ' tag='504'><subfield code='a'>Includes bibliographical references.</subfield></datafield><datafield ind1='1' ind2='0' tag='600'><subfield code='a'>Stevens, John,</subfield><subfield code='d'>-1726</subfield></datafield><datafield ind1=' ' ind2='0' tag='650'><subfield code='a'>Bibliography, National</subfield><subfield code='z'>Spain.</subfield></datafield><datafield ind1='1' ind2=' ' tag='583'><subfield code='a'>committed to retain</subfield><subfield code='c'>20181001</subfield><subfield code='d'>in perpetuity</subfield><subfield code='f'>ReCAP Shared Collection</subfield><subfield code='5'>HUL</subfield><subfield code='8'>221999771970003941</subfield></datafield><datafield ind1='7' ind2=' ' tag='852'><subfield code='2'>ZHCL</subfield><subfield code='c'>RD</subfield><subfield code='h'>Span 35.30</subfield><subfield code='8'>221999771970003941</subfield><subfield code='0'>14158032</subfield><subfield code='b'>scsbhl</subfield></datafield><datafield ind1=' ' ind2=' ' tag='876'><subfield code='0'>14158032</subfield><subfield code='a'>20389831</subfield><subfield code='j'>Available</subfield><subfield code='k'>WID</subfield><subfield code='p'>32044080117732</subfield><subfield code='x'>Shared</subfield><subfield code='z'>HV</subfield><subfield code='l'>RECAP</subfield></datafield></record>