
<record><leader>00895nam a2200253I  4500</leader><controlfield tag='001'>SCSB-10337570</controlfield><controlfield tag='005'>20090712195747.0</controlfield><controlfield tag='008'>770722s1926    enka          000 0 eng  </controlfield><controlfield tag='009'>990050792940203941</controlfield><datafield ind1=' ' ind2=' ' tag='010'><subfield code='a'>^^^27002646^</subfield></datafield><datafield ind1=' ' ind2=' ' tag='035'><subfield code='a'>(OCoLC)3134649</subfield></datafield><datafield ind1=' ' ind2=' ' tag='040'><subfield code='a'>DLC</subfield><subfield code='c'>FDA</subfield><subfield code='d'>FDA</subfield><subfield code='d'>HFL</subfield></datafield><datafield ind1='0' ind2=' ' tag='041'><subfield code='a'>eng</subfield><subfield code='a'>spa</subfield></datafield><datafield ind1=' ' ind2=' ' tag='043'><subfield code='a'>n-us---</subfield></datafield><datafield ind1='0' ind2=' ' tag='050'><subfield code='a'>Z6621</subfield><subfield code='b'>.N52</subfield></datafield><datafield ind1='2' ind2=' ' tag='110'><subfield code='a'>Hispanic Society of America</subfield></datafield><datafield ind1='0' ind2='0' tag='245'><subfield code='a'>Fourteen Spanish manuscript documents in the collection of the Hispanic Society of America.</subfield></datafield><datafield ind1=' ' ind2=' ' tag='260'><subfield code='a'>New York,</subfield><subfield code='b'>Printed by order of the Trustees,</subfield><subfield code='c'>1926.</subfield></datafield><datafield ind1=' ' ind2=' ' tag='300'><subfield code='a'>3 p. l., v-vii, 9 p., 1 l.</subfield><subfield code='b'>front.</subfield><subfield code='c'>17 cm.</subfield></datafield><datafield ind1='1' ind2=' ' tag='490'><subfield code='a'>Hispanic notes &amp; monographs. Hispanic catalogue series</subfield></datafield><datafield ind1=' ' ind2='0' tag='650'><subfield code='a'>Manuscripts</subfield><subfield code='z'>United States</subfield><subfield code='v'>Catalogs</subfield></datafield><datafield ind1=' ' ind2='0' tag='650'><subfield code='a'>Manuscripts, Spanish</subfield><subfield code='v'>Catalogs</subfield></datafield><datafield ind1=' ' ind2='7' tag='655'><subfield code='a'>Catalogs</subfield><subfield code='2'>fast</subfield></datafield><datafield ind1='0' ind2='8' tag='776'><subfield code='i'>Online version:</subfield><subfield code='a'>Hispanic Society of America.</subfield><subfield code='t'>Fourteen Spanish manuscript documents in the collection of the Hispanic Society of America.</subfield><subfield code='d'>New York, Printed by order of the Trustees, 1926</subfield><subfield code='w'>(OCoLC)576430625</subfield></datafield><datafield ind1=' ' ind2='0' tag='830'><subfield code='a'>Hispanic notes &amp; monographs.</subfield><subfield code='p'>Catalogue series</subfield></datafield><datafield ind1='1' ind2=' ' tag='583'><subfield code='a'>committed to retain</subfield><subfield code='c'>20181001</subfield><subfield code='d'>in perpetuity</subfield><subfield code='f'>ReCAP Shared Collection</subfield><subfield code='5'>HUL</subfield><subfield code='8'>221937361190003941</subfield></datafield><datafield ind1=' ' ind2='0' tag='966'><subfield code='8'>0</subfield><subfield code='a'>Copy A.; Copy B in Stacks.</subfield><subfield code='8'>221937361190003941</subfield></datafield><datafield ind1='7' ind2=' ' tag='852'><subfield code='2'>ZHCL</subfield><subfield code='c'>RD</subfield><subfield code='h'>Span 35.15</subfield><subfield code='0'>14232053</subfield><subfield code='b'>scsbhl</subfield></datafield><datafield ind1=' ' ind2=' ' tag='876'><subfield code='0'>14232053</subfield><subfield code='a'>20495564</subfield><subfield code='h'> </subfield><subfield code='j'>Available</subfield><subfield code='k'>WID</subfield><subfield code='p'>32044080117682</subfield><subfield code='x'>Shared</subfield><subfield code='z'>HV</subfield><subfield code='l'>RECAP</subfield></datafield></record>