
<record><leader>00878cam a2200265   4500</leader><controlfield tag='001'>SCSB-4219240</controlfield><controlfield tag='003'>NNC</controlfield><controlfield tag='005'>20221019173104.0</controlfield><controlfield tag='008'>720817s1955    vau           000 0 eng c</controlfield><controlfield tag='009'>3145385</controlfield><datafield ind1=' ' ind2=' ' tag='010'><subfield code='a'>   56001708 </subfield></datafield><datafield ind1=' ' ind2=' ' tag='035'><subfield code='a'>(OCoLC)ocm00384599</subfield></datafield><datafield ind1=' ' ind2=' ' tag='035'><subfield code='9'>ATY2575CU</subfield></datafield><datafield ind1=' ' ind2=' ' tag='035'><subfield code='a'>3145385</subfield></datafield><datafield ind1=' ' ind2=' ' tag='040'><subfield code='a'>HUC</subfield><subfield code='c'>HUC</subfield><subfield code='d'>ZCU</subfield></datafield><datafield ind1='0' ind2='0' tag='050'><subfield code='a'>Z110.C7</subfield><subfield code='b'>B3</subfield></datafield><datafield ind1=' ' ind2=' ' tag='099'><subfield code='a'>025.7</subfield><subfield code='a'>B279</subfield></datafield><datafield ind1='1' ind2=' ' tag='100'><subfield code='a'>Barrow, W. J.</subfield><subfield code='q'>(William James),</subfield><subfield code='d'>1904-1967.</subfield><subfield code='0'>http://id.loc.gov/authorities/names/n85215914</subfield></datafield><datafield ind1='1' ind2='0' tag='245'><subfield code='a'>Manuscripts and documents, their deterioration and restoration.</subfield></datafield><datafield ind1=' ' ind2=' ' tag='260'><subfield code='a'>Charlottesville, Va. :</subfield><subfield code='b'>University of Virginia Press,</subfield><subfield code='c'>[1955]</subfield></datafield><datafield ind1=' ' ind2=' ' tag='300'><subfield code='a'>86 l. ;</subfield><subfield code='c'>27 cm</subfield></datafield><datafield ind1=' ' ind2=' ' tag='336'><subfield code='a'>text</subfield><subfield code='b'>txt</subfield><subfield code='2'>rdacontent</subfield></datafield><datafield ind1=' ' ind2=' ' tag='337'><subfield code='a'>unmediated</subfield><subfield code='b'>n</subfield><subfield code='2'>rdamedia</subfield></datafield><datafield ind1=' ' ind2='0' tag='650'><subfield code='a'>Manuscripts</subfield><subfield code='x'>Conservation and restoration.</subfield><subfield code='0'>http://id.loc.gov/authorities/subjects/sh85080675</subfield></datafield><datafield ind1='8' ind2='0' tag='852'><subfield code='h'>025.7 B279</subfield><subfield code='0'>4232036</subfield><subfield code='b'>scsbcul</subfield></datafield><datafield ind1=' ' ind2=' ' tag='876'><subfield code='0'>4232036</subfield><subfield code='a'>6119938</subfield><subfield code='h'> </subfield><subfield code='j'>Available</subfield><subfield code='p'>CU55895220</subfield><subfield code='t'>1</subfield><subfield code='x'>Shared</subfield><subfield code='z'>CU</subfield><subfield code='l'>RECAP</subfield></datafield></record>