
<record><leader>02372nam a2200325ua 4500</leader><controlfield tag='001'>SCSB-7915033</controlfield><controlfield tag='003'>OCoLC</controlfield><controlfield tag='005'>20140609144311.0</controlfield><controlfield tag='008'>031209s1907    nyu      c    000 0 eng d</controlfield><controlfield tag='009'>.b20216472x</controlfield><datafield ind1='0' ind2=' ' tag='033'><subfield code='a'>19070606</subfield></datafield><datafield ind1=' ' ind2=' ' tag='040'><subfield code='a'>NYGGC</subfield><subfield code='c'>NYGGC</subfield><subfield code='d'>NYP</subfield></datafield><datafield ind1=' ' ind2=' ' tag='042'><subfield code='a'>scipio</subfield></datafield><datafield ind1=' ' ind2=' ' tag='049'><subfield code='a'>NYPP</subfield></datafield><datafield ind1='2' ind2=' ' tag='110'><subfield code='a'>Merwin-Clayton Sales Company.</subfield></datafield><datafield ind1='1' ind2='0' tag='245'><subfield code='a'>Catalogue of autograph letters, manuscripts and documents ... :</subfield><subfield code='b'>to be sold at auction Thursday, June 6th, 1907.</subfield></datafield><datafield ind1='1' ind2='4' tag='246'><subfield code='a'>Catalogue of the autograph collection of Mr. William R. Weeks of New Jersey</subfield></datafield><datafield ind1=' ' ind2=' ' tag='260'><subfield code='a'>New York :</subfield><subfield code='b'>Merwin-Clayton Sales Company,</subfield><subfield code='c'>1907.</subfield></datafield><datafield ind1=' ' ind2=' ' tag='300'><subfield code='a'>54 p. ;</subfield><subfield code='c'>25 cm</subfield></datafield><datafield ind1=' ' ind2=' ' tag='500'><subfield code='a'>313 lots.</subfield></datafield><datafield ind1=' ' ind2=' ' tag='500'><subfield code='a'>Cover title: Catalogue of the autograph collection of Mr. William R. Weeks of New Jersey.</subfield></datafield><datafield ind1='4' ind2=' ' tag='510'><subfield code='a'>McKay,</subfield><subfield code='c'>6352</subfield></datafield><datafield ind1=' ' ind2=' ' tag='518'><subfield code='a'>Place of sale: New York.</subfield></datafield><datafield ind1=' ' ind2=' ' tag='500'><subfield code='a'>&quot;An original survey of Washington, dated 1750; also two important war letters of Washington; the orderly book of Major Frye, 1755; important correspondence of President John Quincy Adams; correspondence of Gov. Thomas Johnson, relating to the outbreak of the Revolution; documents of the Society of the Cincinnati concerning a proposed statue of Washington in New York; an original manuscript of Napoleon; important historical papers in regard to the American Indians, the Revolution, War of 1812 and Civil War; letters and documents of Israel Putnam, Lafayette, Henry Knox, Benedict Arnold, Alexander Hamilton, Philip Schuyler, William Moultrie, Arthur St. Clair, and other generals of the Revolution; Stephen Hopkins, Benjamin Franklin, Richard Stockton, Benjamin Rush, James Smith, Richard Henry Lee, John Hancock, and other signers Declaration of Independence; Robert Fulton, Kipling, Charles Lamb, John Howard Payne, Emerson, Edgar A. Poe, Longfellow, Lowell, Abraham Lincoln, Mrs. Browning, J. Fenimore Cooper, H.D. Thoreau, William Penn, U.S. Grant, Whittier, Washington Irving, etc.; colonial governors, presidents, statesmen, royalty, authors, etc. etc.&quot;</subfield></datafield><datafield ind1=' ' ind2=' ' tag='500'><subfield code='a'>Cover title: The autograph collection of Mr. William R. Weeks of New Jersey.</subfield></datafield><datafield ind1=' ' ind2=' ' tag='653'><subfield code='a'>William R. Weeks</subfield></datafield><datafield ind1=' ' ind2=' ' tag='907'><subfield code='a'>.b20216472x</subfield><subfield code='c'>m</subfield><subfield code='d'>a</subfield><subfield code='e'>-</subfield><subfield code='f'>eng</subfield><subfield code='g'>nyu</subfield><subfield code='h'>0</subfield><subfield code='i'>1</subfield></datafield><datafield ind1=' ' ind2=' ' tag='035'><subfield code='a'>(OCoLC)171645060</subfield></datafield><datafield ind1='8' ind2=' ' tag='852'><subfield code='h'>*GBI (Collection)</subfield><subfield code='0'>8055865</subfield><subfield code='b'>scsbnypl</subfield></datafield><datafield ind1=' ' ind2=' ' tag='876'><subfield code='0'>8055865</subfield><subfield code='a'>13249924</subfield><subfield code='h'>Supervised Use</subfield><subfield code='j'>Available</subfield><subfield code='p'>33433116332275</subfield><subfield code='t'>1</subfield><subfield code='x'>Shared</subfield><subfield code='z'>NA</subfield><subfield code='l'>RECAP</subfield></datafield></record>