
<record><leader>03961cam a2200817 i 4500</leader><controlfield tag='001'>SCSB-10020727</controlfield><controlfield tag='005'>20240203213017.0</controlfield><controlfield tag='008'>100519s2010    ncua     b    000 0aeng  </controlfield><controlfield tag='009'>990125576330203941</controlfield><datafield ind1=' ' ind2=' ' tag='010'><subfield code='a'>  2010018603</subfield></datafield><datafield ind1=' ' ind2=' ' tag='015'><subfield code='a'>GBB1C6900</subfield><subfield code='2'>bnb</subfield></datafield><datafield ind1='7' ind2=' ' tag='016'><subfield code='a'>015960023</subfield><subfield code='2'>Uk</subfield></datafield><datafield ind1=' ' ind2=' ' tag='020'><subfield code='a'>9781565126060</subfield><subfield code='q'>(HC)</subfield></datafield><datafield ind1=' ' ind2=' ' tag='020'><subfield code='a'>1565126068</subfield></datafield><datafield ind1=' ' ind2=' ' tag='020'><subfield code='a'>9781616206420</subfield><subfield code='q'>(PB)</subfield></datafield><datafield ind1=' ' ind2=' ' tag='020'><subfield code='a'>161620642X</subfield><subfield code='q'>(PB)</subfield></datafield><datafield ind1=' ' ind2=' ' tag='035'><subfield code='a'>(OCoLC)419844257</subfield><subfield code='z'>(OCoLC)924458180</subfield></datafield><datafield ind1=' ' ind2=' ' tag='037'><subfield code='b'>Workman Pub Co, Attn: Mary Beth 225 Varick st, New York, NY, USA, 10014, (212)2545900</subfield><subfield code='n'>SAN 203-2821</subfield></datafield><datafield ind1=' ' ind2=' ' tag='040'><subfield code='a'>DLC</subfield><subfield code='b'>eng</subfield><subfield code='e'>rda</subfield><subfield code='c'>DLC</subfield><subfield code='d'>YDX</subfield><subfield code='d'>BTCTA</subfield><subfield code='d'>YDXCP</subfield><subfield code='d'>MEA</subfield><subfield code='d'>CDX</subfield><subfield code='d'>ABG</subfield><subfield code='d'>MOF</subfield><subfield code='d'>UPZ</subfield><subfield code='d'>VP@</subfield><subfield code='d'>UKMGB</subfield><subfield code='d'>BDX</subfield><subfield code='d'>YAM</subfield><subfield code='d'>HMS</subfield><subfield code='d'>DRU</subfield><subfield code='d'>OVY</subfield><subfield code='d'>CWV</subfield><subfield code='d'>OCLCQ</subfield><subfield code='d'>FEM</subfield><subfield code='d'>BKL</subfield><subfield code='d'>OCLCQ</subfield><subfield code='d'>OCLCO</subfield><subfield code='d'>FSP</subfield><subfield code='d'>OCLCO</subfield><subfield code='d'>MTH</subfield><subfield code='d'>OCLCO</subfield><subfield code='d'>TXMAR</subfield><subfield code='d'>CHILD</subfield><subfield code='d'>OCLCA</subfield><subfield code='d'>BUF</subfield><subfield code='d'>OCLCO</subfield><subfield code='d'>GILDS</subfield><subfield code='d'>OCLCO</subfield><subfield code='d'>OCLCQ</subfield><subfield code='d'>OCLCO</subfield><subfield code='d'>OCLCQ</subfield><subfield code='d'>OCLCF</subfield><subfield code='d'>OKX</subfield><subfield code='d'>JX6</subfield><subfield code='d'>TD7</subfield><subfield code='d'>OCLCQ</subfield><subfield code='d'>OCLCO</subfield><subfield code='d'>KOTUI</subfield><subfield code='d'>OCLCO</subfield><subfield code='d'>OCLCA</subfield><subfield code='d'>FAYTV</subfield><subfield code='d'>JZ6</subfield><subfield code='d'>OCLCO</subfield><subfield code='d'>HHG</subfield><subfield code='d'>OCL</subfield><subfield code='d'>OCLCA</subfield><subfield code='d'>UOJ</subfield><subfield code='d'>OCLCO</subfield><subfield code='d'>OCL</subfield><subfield code='d'>OCLCO</subfield><subfield code='d'>OCLCL</subfield></datafield><datafield ind1='0' ind2='0' tag='050'><subfield code='a'>SF459.S48</subfield><subfield code='b'>B35 2010</subfield></datafield><datafield ind1=' ' ind2='4' tag='060'><subfield code='a'>QX 675</subfield><subfield code='b'>B154s 2010</subfield></datafield><datafield ind1='0' ind2='0' tag='082'><subfield code='a'>594/.38</subfield><subfield code='2'>22</subfield></datafield><datafield ind1='1' ind2=' ' tag='100'><subfield code='a'>Bailey, Elisabeth Tova</subfield><subfield code='e'>author.</subfield></datafield><datafield ind1='1' ind2='4' tag='245'><subfield code='a'>The sound of a wild snail eating /</subfield><subfield code='c'>Elisabeth Tova Bailey.</subfield></datafield><datafield ind1=' ' ind2=' ' tag='250'><subfield code='a'>First edition.</subfield></datafield><datafield ind1=' ' ind2='1' tag='264'><subfield code='a'>Chapel Hill, North Carolina :</subfield><subfield code='b'>Algonquin Books of Chapel Hill,</subfield><subfield code='c'>2010.</subfield></datafield><datafield ind1=' ' ind2=' ' tag='300'><subfield code='a'>xiii, 190 pages :</subfield><subfield code='b'>illustrations ;</subfield><subfield code='c'>19 cm</subfield></datafield><datafield ind1=' ' ind2=' ' tag='336'><subfield code='a'>text</subfield><subfield code='b'>txt</subfield><subfield code='2'>rdacontent</subfield></datafield><datafield ind1=' ' ind2=' ' tag='337'><subfield code='a'>unmediated</subfield><subfield code='b'>n</subfield><subfield code='2'>rdamedia</subfield></datafield><datafield ind1=' ' ind2=' ' tag='338'><subfield code='a'>volume</subfield><subfield code='b'>nc</subfield><subfield code='2'>rdacarrier</subfield></datafield><datafield ind1=' ' ind2=' ' tag='504'><subfield code='a'>Includes bibliographical references (pages 179-186).</subfield></datafield><datafield ind1='0' ind2='0' tag='505'><subfield code='g'>Part 1. The violet-pot adventures.</subfield><subfield code='t'>Field violets ;</subfield><subfield code='t'>Discovery ;</subfield><subfield code='t'>Explorations --</subfield><subfield code='g'>Part II. A green kingdom.</subfield><subfield code='t'>The forest floor ;</subfield><subfield code='t'>Life in a microcosm ;</subfield><subfield code='t'>Time and territory --</subfield><subfield code='g'>Part III. Juxtapositions.</subfield><subfield code='t'>Thousands of teeth ;</subfield><subfield code='t'>Telescopic tentacles ;</subfield><subfield code='t'>Marvelous spirals ;</subfield><subfield code='t'>Secret recipes --</subfield><subfield code='g'>Part IV. The cultural life.</subfield><subfield code='t'>Colonies of hermits ;</subfield><subfield code='t'>Midnight leap ;</subfield><subfield code='t'>A snail&apos;s thoughts ;</subfield><subfield code='t'>Deep sleep --</subfield><subfield code='g'>Part V. Love and mystery.</subfield><subfield code='t'>Cryptic life ;</subfield><subfield code='t'>Affairs of a snail ;</subfield><subfield code='t'>Bereft ;</subfield><subfield code='t'>Offspring --</subfield><subfield code='g'>Part VI. Familiar territory.</subfield><subfield code='t'>Release ;</subfield><subfield code='t'>Winter snail ;</subfield><subfield code='t'>Spring rain ;</subfield><subfield code='t'>Night stars --</subfield><subfield code='g'>Appendix:</subfield><subfield code='t'>Terraria.</subfield></datafield><datafield ind1=' ' ind2=' ' tag='520'><subfield code='a'>In a work that beautifully demonstrates the rewards of closely observing nature, Elisabeth Bailey shares an inspiring and intimate story of her uncommon encounter with a &quot;Neohelix albolabris&quot;--A common woodland snail.</subfield></datafield><datafield ind1=' ' ind2=' ' tag='586'><subfield code='a'>John Burroughs medal winner, 2011.</subfield></datafield><datafield ind1=' ' ind2=' ' tag='586'><subfield code='a'>William Saroyan International Prize for Writing, 2012.</subfield></datafield><datafield ind1=' ' ind2=' ' tag='500'><subfield code='a'>Simultaneously published: [Markham, Ontario] : Thomas Allen &amp; Son.</subfield></datafield><datafield ind1=' ' ind2='7' tag='655'><subfield code='a'>Authors&apos; autographs (Provenance)</subfield><subfield code='2'>rbprov</subfield><subfield code='5'>hou</subfield></datafield><datafield ind1=' ' ind2='0' tag='650'><subfield code='a'>Snails as pets</subfield><subfield code='v'>Anecdotes.</subfield></datafield><datafield ind1=' ' ind2='0' tag='650'><subfield code='a'>Gastropoda</subfield><subfield code='x'>Physiology</subfield></datafield><datafield ind1=' ' ind2='0' tag='650'><subfield code='a'>Gastropoda</subfield><subfield code='x'>Anatomy</subfield></datafield><datafield ind1=' ' ind2='0' tag='650'><subfield code='a'>Chronically ill</subfield><subfield code='v'>Biography.</subfield></datafield><datafield ind1=' ' ind2='0' tag='650'><subfield code='a'>Snails</subfield></datafield><datafield ind1=' ' ind2='0' tag='650'><subfield code='a'>Chronic diseases</subfield></datafield><datafield ind1=' ' ind2='1' tag='650'><subfield code='a'>Sick</subfield><subfield code='v'>Biography.</subfield></datafield><datafield ind1='1' ind2='2' tag='650'><subfield code='a'>Snails</subfield></datafield><datafield ind1='2' ind2='2' tag='650'><subfield code='a'>Chronic Disease</subfield></datafield><datafield ind1=' ' ind2='6' tag='650'><subfield code='a'>Escargots.</subfield></datafield><datafield ind1=' ' ind2='6' tag='650'><subfield code='a'>Maladies chroniques.</subfield></datafield><datafield ind1=' ' ind2='7' tag='650'><subfield code='a'>Snails</subfield><subfield code='2'>fast</subfield></datafield><datafield ind1=' ' ind2='7' tag='650'><subfield code='a'>Chronic diseases</subfield><subfield code='2'>fast</subfield></datafield><datafield ind1=' ' ind2='7' tag='650'><subfield code='a'>Chronically ill</subfield><subfield code='2'>fast</subfield></datafield><datafield ind1=' ' ind2='7' tag='650'><subfield code='a'>Gastropoda</subfield><subfield code='x'>Anatomy</subfield><subfield code='2'>fast</subfield></datafield><datafield ind1=' ' ind2='7' tag='650'><subfield code='a'>Gastropoda</subfield><subfield code='x'>Physiology</subfield><subfield code='2'>fast</subfield></datafield><datafield ind1=' ' ind2='7' tag='650'><subfield code='a'>Health</subfield><subfield code='2'>fast</subfield></datafield><datafield ind1=' ' ind2='7' tag='650'><subfield code='a'>Snails as pets</subfield><subfield code='2'>fast</subfield></datafield><datafield ind1=' ' ind2='0' tag='655'><subfield code='a'>Autobiography.</subfield></datafield><datafield ind1=' ' ind2='2' tag='655'><subfield code='a'>Autobiography</subfield></datafield><datafield ind1=' ' ind2='2' tag='655'><subfield code='a'>Anecdotes</subfield></datafield><datafield ind1=' ' ind2='7' tag='655'><subfield code='a'>autobiographies (literary works)</subfield><subfield code='2'>aat</subfield></datafield><datafield ind1=' ' ind2='7' tag='655'><subfield code='a'>Autobiographies</subfield><subfield code='2'>fast</subfield></datafield><datafield ind1=' ' ind2='7' tag='655'><subfield code='a'>Anecdotes</subfield><subfield code='2'>fast</subfield></datafield><datafield ind1=' ' ind2='7' tag='655'><subfield code='a'>Biographies</subfield><subfield code='2'>fast</subfield></datafield><datafield ind1=' ' ind2='7' tag='655'><subfield code='a'>Anecdotes</subfield><subfield code='2'>lcgft</subfield></datafield><datafield ind1=' ' ind2='7' tag='655'><subfield code='a'>Autobiographies</subfield><subfield code='2'>lcgft</subfield></datafield><datafield ind1=' ' ind2='7' tag='655'><subfield code='a'>Autobiographies.</subfield><subfield code='2'>rvmgf</subfield></datafield><datafield ind1=' ' ind2='7' tag='655'><subfield code='a'>Anecdotes.</subfield><subfield code='2'>rvmgf</subfield></datafield><datafield ind1='1' ind2='0' tag='600'><subfield code='a'>Bailey, Elisabeth Tova</subfield><subfield code='x'>Health.</subfield></datafield><datafield ind1='1' ind2='7' tag='600'><subfield code='a'>Bailey, Elisabeth Tova</subfield><subfield code='2'>fast</subfield></datafield><datafield ind1=' ' ind2=' ' tag='752'><subfield code='a'>United States</subfield><subfield code='b'>North Carolina</subfield><subfield code='d'>Chapel Hill</subfield></datafield><datafield ind1=' ' ind2=' ' tag='758'><subfield code='i'>has work:</subfield><subfield code='a'>The sound of a wild snail eating (Text)</subfield><subfield code='1'>https://id.oclc.org/worldcat/entity/E39PCFVxJFC744KFPQX3w3WTBP</subfield><subfield code='4'>https://id.oclc.org/worldcat/ontology/hasWork</subfield></datafield><datafield ind1='1' ind2=' ' tag='583'><subfield code='a'>committed to retain</subfield><subfield code='c'>20181001</subfield><subfield code='d'>in perpetuity</subfield><subfield code='f'>ReCAP Shared Collection</subfield><subfield code='5'>HUL</subfield><subfield code='8'>222145210060003941</subfield></datafield><datafield ind1='0' ind2=' ' tag='852'><subfield code='c'>HD</subfield><subfield code='h'>SF459.S48</subfield><subfield code='i'>B35 2010</subfield><subfield code='0'>10766767</subfield><subfield code='b'>scsbhl</subfield></datafield><datafield ind1=' ' ind2=' ' tag='876'><subfield code='0'>10766767</subfield><subfield code='a'>16464432</subfield><subfield code='h'> </subfield><subfield code='j'>Available</subfield><subfield code='k'>CAB</subfield><subfield code='p'>32044117594309</subfield><subfield code='x'>Shared</subfield><subfield code='z'>HS</subfield><subfield code='l'>HD</subfield></datafield></record>