
<record><leader>00861nam a2200241   4500</leader><controlfield tag='001'>SCSB-6472339</controlfield><controlfield tag='005'>20060625140741.0</controlfield><controlfield tag='008'>730613s1969       a   j      0   p eng n</controlfield><controlfield tag='009'>.b17578422x</controlfield><datafield ind1=' ' ind2=' ' tag='010'><subfield code='a'>   75075083</subfield></datafield><datafield ind1=' ' ind2=' ' tag='037'><subfield code='c'>3.50.</subfield></datafield><datafield ind1=' ' ind2=' ' tag='040'><subfield code='d'>UtOrBLW</subfield></datafield><datafield ind1=' ' ind2=' ' tag='050'><subfield code='a'>PZ8.3.H776</subfield><subfield code='b'>I</subfield></datafield><datafield ind1=' ' ind2=' ' tag='091'><subfield code='p'>J</subfield><subfield code='a'>811.08</subfield><subfield code='c'>H</subfield></datafield><datafield ind1='1' ind2=' ' tag='100'><subfield code='a'>Hopkins, Lee Bennett.</subfield></datafield><datafield ind1='1' ind2='0' tag='245'><subfield code='a'>I think I saw a snail;</subfield><subfield code='b'>young poems for city seasons.</subfield><subfield code='c'>Illustrated by Harold James.</subfield></datafield><datafield ind1=' ' ind2=' ' tag='260'><subfield code='b'>Crown Publishers,</subfield><subfield code='c'>[c1969]</subfield></datafield><datafield ind1=' ' ind2=' ' tag='300'><subfield code='a'>[39] p.</subfield><subfield code='b'>illus.</subfield></datafield><datafield ind1=' ' ind2=' ' tag='500'><subfield code='a'>Nineteen poems by various authors describe the activities of city children during each season.</subfield></datafield><datafield ind1=' ' ind2='0' tag='650'><subfield code='a'>Children&apos;s poetry.</subfield></datafield><datafield ind1=' ' ind2='0' tag='650'><subfield code='a'>City and town life</subfield><subfield code='v'>Poetry.</subfield></datafield><datafield ind1='1' ind2=' ' tag='700'><subfield code='a'>James, Harold Laymont,</subfield><subfield code='d'>1929-</subfield><subfield code='e'>ill.</subfield></datafield><datafield ind1=' ' ind2=' ' tag='907'><subfield code='a'>.b17578422x</subfield><subfield code='c'>m</subfield><subfield code='d'>a</subfield><subfield code='e'>-</subfield><subfield code='f'>eng</subfield><subfield code='h'>0</subfield><subfield code='i'>3</subfield></datafield><datafield ind1='8' ind2=' ' tag='852'><subfield code='h'>ReCAP .b17578422x</subfield><subfield code='0'>6545052</subfield><subfield code='b'>scsbnypl</subfield></datafield><datafield ind1=' ' ind2=' ' tag='876'><subfield code='0'>6545052</subfield><subfield code='a'>10545985</subfield><subfield code='j'>Available</subfield><subfield code='p'>33333219828445</subfield><subfield code='t'>1</subfield><subfield code='x'>Shared</subfield><subfield code='z'>NW</subfield><subfield code='l'>RECAP</subfield></datafield></record>