
<record><leader>00000nam  2200313   4500</leader><controlfield tag='001'>SCSB-6459800</controlfield><controlfield tag='005'>20060625162945.0</controlfield><controlfield tag='008'>920513s1990    njua   j      000 0 eng dnam   </controlfield><controlfield tag='009'>.b171285116</controlfield><datafield ind1='1' ind2=' ' tag='100'><subfield code='a'>Vorhees, Duance.</subfield></datafield><datafield ind1='1' ind2=' ' tag='700'><subfield code='a'>Kang, Mi-sun,</subfield><subfield code='e'>ill.</subfield></datafield><datafield ind1='1' ind2=' ' tag='700'><subfield code='a'>Mueller, Mark.</subfield></datafield><datafield ind1=' ' ind2=' ' tag='091'><subfield code='p'>J</subfield><subfield code='a'>398.2</subfield><subfield code='c'>V</subfield></datafield><datafield ind1=' ' ind2='0' tag='650'><subfield code='a'>Tales</subfield><subfield code='z'>Korea.</subfield></datafield><datafield ind1=' ' ind2='0' tag='650'><subfield code='a'>Folklore</subfield><subfield code='z'>Korea.</subfield></datafield><datafield ind1=' ' ind2=' ' tag='020'><subfield code='a'>0930878892 :</subfield><subfield code='c'>$5.95</subfield></datafield><datafield ind1=' ' ind2=' ' tag='500'><subfield code='a'>English and Korean.</subfield></datafield><datafield ind1=' ' ind2=' ' tag='520'><subfield code='a'>The first story depicts how a snail turns into a lady to live happily with a young man, who eventually wins the kingdom of a wicked king with the help of her father Dragon King. The second story tells how a magic vase brings a new life to a goodhearted fisherman.</subfield></datafield><datafield ind1=' ' ind2=' ' tag='260'><subfield code='a'>Elizabeth, NJ ;</subfield><subfield code='a'>Seoul, Korea :</subfield><subfield code='b'>Hollym,</subfield><subfield code='c'>c1990.</subfield></datafield><datafield ind1=' ' ind2=' ' tag='300'><subfield code='a'>45 p. :</subfield><subfield code='b'>col. ill. ;</subfield><subfield code='c'>21 cm.</subfield></datafield><datafield ind1='0' ind2=' ' tag='490'><subfield code='a'>(Child land)</subfield></datafield><datafield ind1='0' ind2=' ' tag='490'><subfield code='a'>(Korean folk tales for children)</subfield></datafield><datafield ind1='1' ind2='4' tag='245'><subfield code='a'>The snail lady =</subfield><subfield code='b'>Urŏngi agassi ; The magic vase = Yosul hangari /</subfield><subfield code='c'>adapted by Duance Vorhees &amp; Mark Mueller ; illustrated by Kang Mi-sun.</subfield></datafield><datafield ind1='0' ind2=' ' tag='740'><subfield code='a'>Magic vase.</subfield></datafield><datafield ind1='0' ind2=' ' tag='740'><subfield code='a'>Yosul hangari.</subfield></datafield><datafield ind1='0' ind2=' ' tag='740'><subfield code='a'>Urŏngi agassi.</subfield></datafield><datafield ind1=' ' ind2=' ' tag='995'><subfield code='a'>842952</subfield></datafield><datafield ind1=' ' ind2=' ' tag='996'><subfield code='a'>921589846</subfield></datafield><datafield ind1=' ' ind2=' ' tag='040'><subfield code='d'>UtOrBLW</subfield></datafield><datafield ind1='0' ind2=' ' tag='041'><subfield code='a'>engeng</subfield></datafield><datafield ind1=' ' ind2=' ' tag='910'><subfield code='a'>RL</subfield></datafield><datafield ind1='0' ind2='0' tag='907'><subfield code='a'>.b171285116</subfield></datafield><datafield ind1='8' ind2=' ' tag='852'><subfield code='h'>J 398.2 V</subfield><subfield code='0'>6532213</subfield><subfield code='b'>scsbnypl</subfield></datafield><datafield ind1=' ' ind2=' ' tag='876'><subfield code='0'>6532213</subfield><subfield code='a'>10527852</subfield><subfield code='j'>Available</subfield><subfield code='p'>33333202552168</subfield><subfield code='t'>1</subfield><subfield code='x'>Shared</subfield><subfield code='z'>NW</subfield><subfield code='l'>RECAP</subfield></datafield></record>