
<record><leader>00000cam a22003974a 4500</leader><controlfield tag='001'>SCSB-12316598</controlfield><controlfield tag='005'>20070305101009.0</controlfield><controlfield tag='008'>061012r20072006nyua          001 0 eng  </controlfield><controlfield tag='009'>990102418690203941</controlfield><datafield ind1=' ' ind2=' ' tag='010'><subfield code='a'>^^2006034164</subfield></datafield><datafield ind1=' ' ind2=' ' tag='020'><subfield code='a'>9781596913097 (hardcover)</subfield></datafield><datafield ind1=' ' ind2=' ' tag='020'><subfield code='a'>1596913096 (hardcover)</subfield></datafield><datafield ind1=' ' ind2=' ' tag='035'><subfield code='a'>(OCoLC)72871378</subfield><subfield code='z'>(OCoLC)229306036</subfield></datafield><datafield ind1=' ' ind2=' ' tag='040'><subfield code='a'>DLC</subfield><subfield code='c'>DLC</subfield><subfield code='d'>BAKER</subfield><subfield code='d'>C#P</subfield><subfield code='d'>YDXCP</subfield><subfield code='d'>VP@</subfield><subfield code='d'>YDX</subfield><subfield code='d'>BTCTA</subfield></datafield><datafield ind1=' ' ind2=' ' tag='043'><subfield code='a'>e-fr---</subfield></datafield><datafield ind1='0' ind2='0' tag='050'><subfield code='a'>DC34</subfield><subfield code='b'>.C548 2007</subfield></datafield><datafield ind1='0' ind2='0' tag='082'><subfield code='a'>944.002/07</subfield><subfield code='2'>22</subfield></datafield><datafield ind1='1' ind2=' ' tag='100'><subfield code='a'>Clarke, Stephen,</subfield><subfield code='d'>1958-</subfield></datafield><datafield ind1='1' ind2='0' tag='245'><subfield code='a'>Talk to the snail :</subfield><subfield code='b'>ten commandments for understanding the French /</subfield><subfield code='c'>Stephen Clarke.</subfield></datafield><datafield ind1=' ' ind2=' ' tag='250'><subfield code='a'>1st U.S. ed.</subfield></datafield><datafield ind1=' ' ind2=' ' tag='260'><subfield code='a'>New York :</subfield><subfield code='b'>Bloomsbury USA :</subfield><subfield code='b'>Distributed to the trade by Holtzbrinck Publishers,</subfield><subfield code='c'>2007.</subfield></datafield><datafield ind1=' ' ind2=' ' tag='300'><subfield code='a'>262 p. :</subfield><subfield code='b'>ill. ;</subfield><subfield code='c'>21 cm.</subfield></datafield><datafield ind1=' ' ind2=' ' tag='500'><subfield code='a'>Includes index.</subfield></datafield><datafield ind1=' ' ind2=' ' tag='500'><subfield code='a'>&quot;First published in the United Kingdom by Bantam Press in 2006&quot;--T.p. verso.</subfield></datafield><datafield ind1='0' ind2=' ' tag='505'><subfield code='a'>Thou shalt be wrong (if you&apos;re not French) -- Thou shalt not work -- Thou shalt eat -- Thou shalt be ill -- Thou shalt speak French -- Thou shalt not sing (in tune, anyway) -- Thou shalt not know -- Thou shalt not love thy neighbor -- Thou shalt not be served -- Thou shalt be polite (and simultaneously rude) -- Thou shalt say &apos;I love you.&apos;</subfield></datafield><datafield ind1=' ' ind2=' ' tag='520'><subfield code='a'>A tongue-in-cheek guide to understanding the French, presented in a series of essays, each illustrating a theme, followed by or interspersed with essential French phrases, anecdotes, and advice.</subfield></datafield><datafield ind1=' ' ind2='0' tag='650'><subfield code='a'>National characteristics, French</subfield><subfield code='v'>Humor.</subfield></datafield><datafield ind1=' ' ind2='0' tag='651'><subfield code='a'>France</subfield><subfield code='x'>Social life and customs</subfield><subfield code='v'>Humor.</subfield></datafield><datafield ind1=' ' ind2='0' tag='651'><subfield code='a'>France</subfield><subfield code='x'>Foreign public opinion.</subfield></datafield><datafield ind1=' ' ind2='7' tag='655'><subfield code='a'>humor.</subfield><subfield code='2'>aat</subfield></datafield><datafield ind1=' ' ind2='7' tag='655'><subfield code='a'>Humor</subfield><subfield code='2'>fast</subfield><subfield code='0'>(OCoLC)fst01423696</subfield></datafield><datafield ind1=' ' ind2='7' tag='655'><subfield code='a'>Humor</subfield><subfield code='2'>lcgft</subfield></datafield><datafield ind1=' ' ind2='7' tag='655'><subfield code='a'>Humour.</subfield><subfield code='2'>rvmgf</subfield></datafield><datafield ind1='1' ind2=' ' tag='583'><subfield code='a'>committed to retain</subfield><subfield code='c'>20181001</subfield><subfield code='d'>in perpetuity</subfield><subfield code='f'>ReCAP Shared Collection</subfield><subfield code='5'>HUL</subfield><subfield code='8'>222098919470003941</subfield></datafield><datafield ind1='0' ind2=' ' tag='852'><subfield code='c'>HD</subfield><subfield code='h'>DC34</subfield><subfield code='i'>.C548 2007</subfield><subfield code='0'>13151020</subfield><subfield code='b'>scsbhl</subfield></datafield><datafield ind1=' ' ind2=' ' tag='876'><subfield code='0'>13151020</subfield><subfield code='a'>18955175</subfield><subfield code='h'> </subfield><subfield code='j'>Available</subfield><subfield code='k'>WID</subfield><subfield code='p'>32044094910874</subfield><subfield code='x'>Shared</subfield><subfield code='z'>HW</subfield><subfield code='l'>HD</subfield></datafield></record>