
<record><leader>03014cam a2200373 a 4500</leader><controlfield tag='001'>SCSB-5058060</controlfield><controlfield tag='003'>NNC</controlfield><controlfield tag='005'>20221103035943.0</controlfield><controlfield tag='008'>940221t19931993hiua   j     s000 0 eng  </controlfield><controlfield tag='009'>4793009</controlfield><datafield ind1=' ' ind2=' ' tag='010'><subfield code='a'>   93025769 </subfield></datafield><datafield ind1=' ' ind2=' ' tag='020'><subfield code='a'>082481505X (acid-free paper)</subfield></datafield><datafield ind1='8' ind2=' ' tag='024'><subfield code='a'>N7-775920</subfield></datafield><datafield ind1=' ' ind2=' ' tag='035'><subfield code='a'>(OCoLC)28801637</subfield></datafield><datafield ind1=' ' ind2=' ' tag='035'><subfield code='a'>(OCoLC)ocm28801637</subfield></datafield><datafield ind1=' ' ind2=' ' tag='035'><subfield code='a'>(NNC)4793009</subfield></datafield><datafield ind1=' ' ind2=' ' tag='035'><subfield code='a'>4793009</subfield></datafield><datafield ind1=' ' ind2=' ' tag='040'><subfield code='a'>DLC</subfield><subfield code='c'>DLC</subfield><subfield code='d'>DLC</subfield><subfield code='d'>OrLoB-B</subfield></datafield><datafield ind1='1' ind2=' ' tag='041'><subfield code='a'>eng</subfield><subfield code='h'>chi</subfield></datafield><datafield ind1=' ' ind2=' ' tag='042'><subfield code='a'>lcac</subfield></datafield><datafield ind1=' ' ind2=' ' tag='043'><subfield code='a'>a-cc---</subfield></datafield><datafield ind1='0' ind2='0' tag='050'><subfield code='a'>PZ8.1.H157</subfield><subfield code='b'>Wh 1993</subfield></datafield><datafield ind1='0' ind2='0' tag='082'><subfield code='a'>[398.2]</subfield><subfield code='2'>20</subfield></datafield><datafield ind1='1' ind2=' ' tag='100'><subfield code='a'>Han, Carolyn,</subfield><subfield code='d'>1941-</subfield><subfield code='0'>http://id.loc.gov/authorities/names/n93061405</subfield></datafield><datafield ind1='1' ind2='0' tag='245'><subfield code='a'>Why snails have shells :</subfield><subfield code='b'>minority and Han folktales from China /</subfield><subfield code='c'>retold by Carolyn Han ; translated by Jay Han ; illustrated by Li Ji.</subfield></datafield><datafield ind1=' ' ind2=' ' tag='260'><subfield code='a'>Honolulu :</subfield><subfield code='b'>University of Hawaii Press,</subfield><subfield code='c'>[1993], ©1993.</subfield></datafield><datafield ind1=' ' ind2=' ' tag='300'><subfield code='a'>vi, 73 pages :</subfield><subfield code='b'>color illustrations ;</subfield><subfield code='c'>24 cm</subfield></datafield><datafield ind1=' ' ind2=' ' tag='336'><subfield code='a'>text</subfield><subfield code='b'>txt</subfield><subfield code='2'>rdacontent</subfield></datafield><datafield ind1=' ' ind2=' ' tag='337'><subfield code='a'>unmediated</subfield><subfield code='b'>n</subfield><subfield code='2'>rdamedia</subfield></datafield><datafield ind1=' ' ind2=' ' tag='500'><subfield code='a'>&quot;A Kolowalu book.&quot;</subfield></datafield><datafield ind1='0' ind2='0' tag='505'><subfield code='t'>Why Snails Have Shells: Zhuang Tale --</subfield><subfield code='t'>The Ant and the Anteater: Yao Tale --</subfield><subfield code='t'>The Magpie as Teacher: Yao Tale --</subfield><subfield code='t'>The Flying Frog: Mongol Tale --</subfield><subfield code='t'>A Fox and a Rabbit: Mongol Tale --</subfield><subfield code='t'>The Rooster and the Nine Suns: Hani Tale --</subfield><subfield code='t'>The Wolf, the Fox, and the Rabbit: Sala (Salar) Tale --</subfield><subfield code='t'>A Vain Raven: Tibetan Tale --</subfield><subfield code='t'>Two Quarrelsome Cats: Tibetan Tale --</subfield><subfield code='t'>The Rabbit Judge: Tibetan Tale --</subfield><subfield code='t'>The Monkey&apos;s Experience: Han Tale --</subfield><subfield code='t'>A Tiger and His Master: Han Tale --</subfield><subfield code='t'>The Corn-Picking Monkey: Han Tale --</subfield><subfield code='t'>The Dove Who Tried to Eat the Sun: Tu Tale --</subfield><subfield code='t'>The Tiger and the Bull: Dai Tale --</subfield><subfield code='t'>The Ant and the Magpie: Miao Tale --</subfield><subfield code='t'>Why Snakes Bite Frogs: Miao Tale --</subfield><subfield code='t'>The Dove and the Rooster: Yi Tale --</subfield><subfield code='t'>The Tiger and the Frog: Bouyei Tale --</subfield><subfield code='t'>Wild Geese: Hui Tale --</subfield><subfield code='t'>Minority People of China.</subfield></datafield><datafield ind1='1' ind2=' ' tag='520'><subfield code='a'>&quot;The twenty stories that comprise this collection reflect some of the ethnic diversity of China. Through a cast of familiar animals we get a glimpse of the cultures from which the stories emanate, and we see that the world is interconnected and the planet quite small. The tales show that our similarities are much greater than our differences. Besides their literary value, these tales convey moral instruction.&quot; &quot;The second part of the book gives background information about the nationalities from which the tales have been selected. Carolyn Han describes the geographical area each group occupies and its social life and customs.&quot; &quot;Each tale is enhanced with an illustration by Li Ji, an artist and lecturer at Yunnan Art Institute of Kunming, China. He brings to this volume his first-hand knowledge of minority peoples and a deep understanding and love for animals and the environment.&quot;--BOOK JACKET.</subfield></datafield><datafield ind1=' ' ind2='0' tag='650'><subfield code='a'>Tales</subfield><subfield code='z'>China.</subfield><subfield code='0'>http://id.loc.gov/authorities/subjects/sh2008112441</subfield></datafield><datafield ind1='1' ind2=' ' tag='700'><subfield code='a'>Li, Ji,</subfield><subfield code='e'>illustrator.</subfield><subfield code='4'>http://id.loc.gov/vocabulary/relators/ill</subfield><subfield code='0'>http://id.loc.gov/authorities/names/n93061400</subfield></datafield><datafield ind1='0' ind2='0' tag='852'><subfield code='h'>PZ8.1.H157 Wh 1993</subfield><subfield code='0'>5042137</subfield><subfield code='b'>scsbcul</subfield></datafield><datafield ind1=' ' ind2=' ' tag='876'><subfield code='0'>5042137</subfield><subfield code='a'>7586418</subfield><subfield code='h'> </subfield><subfield code='j'>Available</subfield><subfield code='p'>CU73770841</subfield><subfield code='t'>1</subfield><subfield code='x'>Shared</subfield><subfield code='z'>CU</subfield><subfield code='l'>RECAP</subfield></datafield></record>