
<record><leader>00000cam a22006371  4500</leader><controlfield tag='001'>SCSB-15209948</controlfield><controlfield tag='003'>OCoLC</controlfield><controlfield tag='005'>20240531124730.0</controlfield><controlfield tag='008'>850925s1967    nyua   j b    001 0 eng  cam1  </controlfield><controlfield tag='009'>.b23334892x</controlfield><datafield ind1='1' ind2=' ' tag='100'><subfield code='a'>Reid, George Kell.</subfield></datafield><datafield ind1='1' ind2=' ' tag='700'><subfield code='a'>Dolan, Tom,</subfield><subfield code='e'>ill.</subfield></datafield><datafield ind1='1' ind2=' ' tag='700'><subfield code='a'>Kaicher, Sally Diana,</subfield><subfield code='e'>ill.</subfield></datafield><datafield ind1='2' ind2=' ' tag='791'><subfield code='a'>Family of Robert Motherwell,</subfield><subfield code='e'>donor</subfield><subfield code='5'>NN</subfield></datafield><datafield ind1='2' ind2=' ' tag='710'><subfield code='a'>Robert Motherwell Book Collection (New York Public Library. Art Division)</subfield></datafield><datafield ind1=' ' ind2='0' tag='650'><subfield code='a'>Pond animals</subfield><subfield code='z'>North America</subfield><subfield code='v'>Juvenile literature.</subfield></datafield><datafield ind1=' ' ind2='0' tag='650'><subfield code='a'>Pond plants</subfield><subfield code='z'>North America</subfield><subfield code='v'>Juvenile literature.</subfield></datafield><datafield ind1=' ' ind2='0' tag='650'><subfield code='a'>Lake animals</subfield><subfield code='z'>North America</subfield><subfield code='v'>Juvenile literature.</subfield></datafield><datafield ind1=' ' ind2='0' tag='650'><subfield code='a'>Lake plants</subfield><subfield code='z'>North America</subfield><subfield code='v'>Juvenile literature.</subfield></datafield><datafield ind1=' ' ind2='7' tag='650'><subfield code='a'>Lake animals.</subfield><subfield code='2'>fast</subfield><subfield code='0'>(OCoLC)fst00990852</subfield></datafield><datafield ind1=' ' ind2='7' tag='650'><subfield code='a'>Lake plants.</subfield><subfield code='2'>fast</subfield><subfield code='0'>(OCoLC)fst00990865</subfield></datafield><datafield ind1=' ' ind2='7' tag='650'><subfield code='a'>Pond animals.</subfield><subfield code='2'>fast</subfield><subfield code='0'>(OCoLC)fst01070923</subfield></datafield><datafield ind1=' ' ind2='7' tag='650'><subfield code='a'>Pond plants.</subfield><subfield code='2'>fast</subfield><subfield code='0'>(OCoLC)fst01070928</subfield></datafield><datafield ind1=' ' ind2='7' tag='651'><subfield code='a'>North America.</subfield><subfield code='2'>fast</subfield><subfield code='0'>(OCoLC)fst01242475</subfield><subfield code='1'>https://id.oclc.org/worldcat/entity/E39PBJxRHKPqWyj6g89H9PwHmd</subfield></datafield><datafield ind1=' ' ind2='7' tag='655'><subfield code='a'>Juvenile works.</subfield><subfield code='2'>fast</subfield><subfield code='0'>(OCoLC)fst01411637</subfield></datafield><datafield ind1=' ' ind2=' ' tag='020'><subfield code='a'>0307240177</subfield><subfield code='q'>(paperback)</subfield></datafield><datafield ind1=' ' ind2=' ' tag='020'><subfield code='a'>9780307240170</subfield><subfield code='q'>(paperback)</subfield></datafield><datafield ind1=' ' ind2=' ' tag='010'><subfield code='a'>   67016477</subfield></datafield><datafield ind1='1' ind2=' ' tag='541'><subfield code='c'>Gift;</subfield><subfield code='a'>of the Family of Robert Motherwell;</subfield><subfield code='d'>2024.</subfield><subfield code='5'>NN</subfield></datafield><datafield ind1=' ' ind2=' ' tag='520'><subfield code='a'>A handbook describing and illustrating some of the common animals and plants found in or near ponds, lakes, streams, and marshes.</subfield></datafield><datafield ind1=' ' ind2=' ' tag='504'><subfield code='a'>Includes bibliographical references (page 155) and index.</subfield></datafield><datafield ind1='0' ind2=' ' tag='505'><subfield code='a'>Ponds and lakes -- Characteristics of water -- Habitats -- Food webs -- Community changes -- Observing and collecting -- Plants : Algae ; Bacteria ; Fungi ; Bryophytes ; Vascular plants -- Animals : One-celled animals ; Sponges ; Hydras ; Jellyfish ; Rotifers ; Moss animals ; Worms ; Flatworms ; Arthropods : Crustaceans ; Insects ; Water mites and spiders. Mollusks : Snails ; Clams. Other invertebrates ; Vertebrates : Lampreys ; Bony fishes ; Amphibians ; Reptiles ; Birds ; Mammals.</subfield></datafield><datafield ind1=' ' ind2=' ' tag='260'><subfield code='a'>New York, N.Y. :</subfield><subfield code='b'>Golden Press,</subfield><subfield code='c'>[1967]</subfield></datafield><datafield ind1=' ' ind2=' ' tag='300'><subfield code='a'>160 pages :</subfield><subfield code='b'>color illustrations ;</subfield><subfield code='c'>16 cm.</subfield></datafield><datafield ind1=' ' ind2=' ' tag='336'><subfield code='a'>text</subfield><subfield code='b'>txt</subfield><subfield code='2'>rdacontent</subfield></datafield><datafield ind1=' ' ind2=' ' tag='337'><subfield code='a'>unmediated</subfield><subfield code='b'>n</subfield><subfield code='2'>rdamedia</subfield></datafield><datafield ind1=' ' ind2=' ' tag='338'><subfield code='a'>volume</subfield><subfield code='b'>nc</subfield><subfield code='2'>rdacarrier</subfield></datafield><datafield ind1='1' ind2=' ' tag='490'><subfield code='a'>A Golden nature guide</subfield></datafield><datafield ind1=' ' ind2='0' tag='830'><subfield code='a'>Golden nature guide.</subfield></datafield><datafield ind1='1' ind2='0' tag='245'><subfield code='a'>Pond life :</subfield><subfield code='b'>a guide to common plants and animals of North American ponds and lakes /</subfield><subfield code='c'>by George K. Reid ; Illustrated by Sally D. Kaicher and Tom Dolan.</subfield></datafield><datafield ind1='0' ind2='8' tag='776'><subfield code='i'>Online version:</subfield><subfield code='a'>Reid, George Kell.</subfield><subfield code='t'>Pond life.</subfield><subfield code='d'>New York, Golden Press [1967]</subfield><subfield code='w'>(OCoLC)742532003</subfield></datafield><datafield ind1=' ' ind2=' ' tag='040'><subfield code='a'>DLC</subfield><subfield code='b'>eng</subfield><subfield code='c'>DLC</subfield><subfield code='d'>AGL</subfield><subfield code='d'>BTCTA</subfield><subfield code='d'>BAKER</subfield><subfield code='d'>OCLCQ</subfield><subfield code='d'>OCLCF</subfield><subfield code='d'>OCLCQ</subfield><subfield code='d'>OCLCO</subfield><subfield code='d'>HWARD</subfield><subfield code='d'>ALSOM</subfield><subfield code='d'>CD5</subfield><subfield code='d'>OCLCQ</subfield><subfield code='d'>CSJ</subfield><subfield code='d'>GRC</subfield><subfield code='d'>VLP</subfield><subfield code='d'>OCLCQ</subfield><subfield code='d'>CNO</subfield><subfield code='d'>BRL</subfield><subfield code='d'>OCLCQ</subfield><subfield code='d'>UIN</subfield><subfield code='d'>OCLCO</subfield><subfield code='d'>OCLCQ</subfield><subfield code='d'>MXL</subfield><subfield code='d'>OCLCQ</subfield><subfield code='d'>OCLCL</subfield><subfield code='d'>NYP</subfield></datafield><datafield ind1=' ' ind2=' ' tag='042'><subfield code='a'>cyac</subfield></datafield><datafield ind1=' ' ind2=' ' tag='043'><subfield code='a'>n------</subfield></datafield><datafield ind1=' ' ind2=' ' tag='049'><subfield code='a'>NYPP</subfield></datafield><datafield ind1='0' ind2='0' tag='050'><subfield code='a'>QH96</subfield><subfield code='b'>.R43</subfield></datafield><datafield ind1=' ' ind2='4' tag='060'><subfield code='a'>574 .929 Rei</subfield></datafield><datafield ind1='0' ind2=' ' tag='070'><subfield code='a'>jQH96</subfield><subfield code='b'>.R43 1967</subfield></datafield><datafield ind1='0' ind2='0' tag='082'><subfield code='a'>574.929</subfield></datafield><datafield ind1=' ' ind2=' ' tag='901'><subfield code='a'>MARS</subfield></datafield><datafield ind1='0' ind2='0' tag='908'><subfield code='a'>QH96</subfield><subfield code='b'>.R43</subfield></datafield><datafield ind1=' ' ind2=' ' tag='901'><subfield code='a'>sch</subfield><subfield code='b'>CATRL</subfield></datafield><datafield ind1=' ' ind2=' ' tag='910'><subfield code='a'>RL</subfield></datafield><datafield ind1='0' ind2='0' tag='907'><subfield code='a'>.b23334892x</subfield></datafield><datafield ind1=' ' ind2=' ' tag='035'><subfield code='a'>(OCoLC)712369</subfield></datafield><datafield ind1='8' ind2=' ' tag='852'><subfield code='h'>ReCAP 24-4383</subfield><subfield code='0'>16302048</subfield><subfield code='b'>scsbnypl</subfield></datafield><datafield ind1=' ' ind2=' ' tag='876'><subfield code='0'>16302048</subfield><subfield code='a'>23045331</subfield><subfield code='h'>Supervised Use</subfield><subfield code='j'>Available</subfield><subfield code='p'>33433137419804</subfield><subfield code='t'>1</subfield><subfield code='x'>Shared</subfield><subfield code='z'>NA</subfield><subfield code='l'>RECAP</subfield></datafield></record>