
<record><leader>03052cam a2200445 i 4500</leader><controlfield tag='001'>SCSB-15002161</controlfield><controlfield tag='003'>NNC</controlfield><controlfield tag='005'>20250605001142.0</controlfield><controlfield tag='008'>220331s2022    my a     b   a001 0 eng  </controlfield><controlfield tag='009'>19152874</controlfield><datafield ind1=' ' ind2=' ' tag='010'><subfield code='a'>  2022346195</subfield></datafield><datafield ind1=' ' ind2=' ' tag='020'><subfield code='a'>9789674882105</subfield></datafield><datafield ind1=' ' ind2=' ' tag='020'><subfield code='a'>9674882103</subfield></datafield><datafield ind1=' ' ind2=' ' tag='035'><subfield code='a'>(OCoLC)on1308409456</subfield></datafield><datafield ind1=' ' ind2=' ' tag='035'><subfield code='a'>(OCoLC)1308409456</subfield></datafield><datafield ind1=' ' ind2=' ' tag='035'><subfield code='a'>19152874</subfield></datafield><datafield ind1=' ' ind2=' ' tag='040'><subfield code='a'>DLC</subfield><subfield code='b'>eng</subfield><subfield code='e'>rda</subfield><subfield code='c'>DLC</subfield><subfield code='d'>OCLCO</subfield><subfield code='d'>COO</subfield><subfield code='d'>OCLCO</subfield><subfield code='d'>IG#</subfield><subfield code='d'>ZCU</subfield></datafield><datafield ind1=' ' ind2=' ' tag='042'><subfield code='a'>lcode</subfield></datafield><datafield ind1=' ' ind2=' ' tag='043'><subfield code='a'>ae-----</subfield><subfield code='a'>as-----</subfield><subfield code='a'>a-my---</subfield></datafield><datafield ind1=' ' ind2=' ' tag='049'><subfield code='a'>ZCUA</subfield></datafield><datafield ind1=' ' ind2='4' tag='050'><subfield code='a'>HC460.5</subfield><subfield code='b'>.F56 2022</subfield></datafield><datafield ind1='0' ind2='0' tag='245'><subfield code='a'>Financing sustainability :</subfield><subfield code='b'>critical issues with East Asian experiences /</subfield><subfield code='c'>editors, Rajah Rasiah, Gopi Krishnan, Azleen Osman Rani.</subfield></datafield><datafield ind1='3' ind2=' ' tag='246'><subfield code='a'>Critical issues with East Asian experiences</subfield></datafield><datafield ind1=' ' ind2='1' tag='264'><subfield code='a'>Kuala Lumpur :</subfield><subfield code='b'>University of Malaya Press :</subfield><subfield code='b'>2022</subfield></datafield><datafield ind1=' ' ind2=' ' tag='300'><subfield code='a'>xxvii, 198 pages :</subfield><subfield code='b'>illustrations (some color) ;</subfield><subfield code='c'>23 cm</subfield></datafield><datafield ind1=' ' ind2=' ' tag='336'><subfield code='a'>text</subfield><subfield code='b'>txt</subfield><subfield code='2'>rdacontent</subfield></datafield><datafield ind1=' ' ind2=' ' tag='337'><subfield code='a'>unmediated</subfield><subfield code='b'>n</subfield><subfield code='2'>rdamedia</subfield></datafield><datafield ind1=' ' ind2=' ' tag='338'><subfield code='a'>volume</subfield><subfield code='b'>nc</subfield><subfield code='2'>rdacarrier</subfield></datafield><datafield ind1=' ' ind2=' ' tag='504'><subfield code='a'>Includes bibliographical references and index.</subfield></datafield><datafield ind1='0' ind2=' ' tag='505'><subfield code='a'>Introduction: problematizing the financing of sustainability / Rajah Rasiah, Gopi Krishnan Vijayaraghavan and Azleen Osman Rani -- Financing sustainable developmant goals : trends and challenges / Gopi Krishnan Vijayaraghavan, Azleen Osman Rani, Zulfadhlee Ithari -- Leveraging on sustaianble trade financing intruments and policy framework / VGR Chandran -- Financial inclusion for achieving sustainable development goals in ASEAN : prospects and perils / Sonia Kumari Selvarajan -- Islamic finance and inclusive growth / Mansor H. Ibrahim -- Sustainable finance in Japan ; current state and outlook / Akane Enatsu -- Energy consumption and greening : strategic direction for Malaysia / Rajah Rasiah, Siti Indati Mustapha and Amar Hisham Jaafar -- Advancing Malaysia&apos;s sustainable finance landscape / Siti Sarah Asha&apos;ari and Aida Jaslina Jalaludin.</subfield></datafield><datafield ind1=' ' ind2=' ' tag='546'><subfield code='a'>In English.</subfield></datafield><datafield ind1=' ' ind2='7' tag='651'><subfield code='a'>East Asia.</subfield><subfield code='2'>fast</subfield><subfield code='0'>(OCoLC)fst01243628</subfield></datafield><datafield ind1=' ' ind2='7' tag='650'><subfield code='a'>Sustainable development</subfield><subfield code='x'>Finance.</subfield><subfield code='2'>fast</subfield><subfield code='0'>(OCoLC)fst01139741</subfield></datafield><datafield ind1=' ' ind2='7' tag='650'><subfield code='a'>Sustainable development</subfield><subfield code='x'>Economic aspects.</subfield><subfield code='2'>fast</subfield><subfield code='0'>(OCoLC)fst01139738</subfield></datafield><datafield ind1=' ' ind2='7' tag='650'><subfield code='a'>International trade.</subfield><subfield code='2'>fast</subfield><subfield code='0'>(OCoLC)fst00977128</subfield></datafield><datafield ind1=' ' ind2='7' tag='650'><subfield code='a'>Finance</subfield><subfield code='x'>Forecasting.</subfield><subfield code='2'>fast</subfield><subfield code='0'>(OCoLC)fst00924380</subfield></datafield><datafield ind1='1' ind2=' ' tag='700'><subfield code='a'>Rasiah, Rajah,</subfield><subfield code='e'>editor,</subfield><subfield code='e'>contributor.</subfield><subfield code='1'>https://id.oclc.org/worldcat/entity/E39PCjJJ7fMvVfwTWBDcvHKtDq</subfield><subfield code='4'>http://id.loc.gov/vocabulary/relators/edt</subfield><subfield code='4'>http://id.loc.gov/vocabulary/relators/ctb</subfield><subfield code='0'>http://id.loc.gov/authorities/names/n94072490</subfield></datafield><datafield ind1='1' ind2=' ' tag='700'><subfield code='a'>Krishnan, Gopi,</subfield><subfield code='e'>editor,</subfield><subfield code='e'>contributor.</subfield><subfield code='4'>http://id.loc.gov/vocabulary/relators/edt</subfield><subfield code='4'>http://id.loc.gov/vocabulary/relators/ctb</subfield><subfield code='0'>http://id.loc.gov/authorities/names/no2024080352</subfield></datafield><datafield ind1='0' ind2=' ' tag='700'><subfield code='a'>Azleen Osman Rani,</subfield><subfield code='e'>editor,</subfield><subfield code='e'>contributor.</subfield><subfield code='4'>http://id.loc.gov/vocabulary/relators/edt</subfield><subfield code='4'>http://id.loc.gov/vocabulary/relators/ctb</subfield></datafield><datafield ind1='2' ind2=' ' tag='710'><subfield code='a'>Penerbit Universiti Malaya,</subfield><subfield code='e'>publisher.</subfield><subfield code='4'>http://id.loc.gov/vocabulary/relators/pbl</subfield><subfield code='0'>http://id.loc.gov/authorities/names/no2003066936</subfield></datafield><datafield ind1='0' ind2='0' tag='852'><subfield code='h'>HC460.5 .F56 2022</subfield><subfield code='0'>16054502</subfield><subfield code='b'>scsbcul</subfield></datafield><datafield ind1=' ' ind2=' ' tag='876'><subfield code='0'>16054502</subfield><subfield code='a'>22767032</subfield><subfield code='h'> </subfield><subfield code='j'>Available</subfield><subfield code='p'>CU02708353</subfield><subfield code='t'>1</subfield><subfield code='x'>Shared</subfield><subfield code='z'>CU</subfield><subfield code='l'>RECAP</subfield></datafield></record>