
<record><leader>00000cam a22003014a 4500</leader><controlfield tag='001'>SCSB-11167859</controlfield><controlfield tag='005'>20170722030304.0</controlfield><controlfield tag='008'>070320s2007    enkab    b    001 0 eng  </controlfield><controlfield tag='009'>990111455840203941</controlfield><datafield ind1=' ' ind2=' ' tag='010'><subfield code='a'>^^2007272862</subfield></datafield><datafield ind1=' ' ind2=' ' tag='020'><subfield code='a'>9781846031038</subfield></datafield><datafield ind1=' ' ind2=' ' tag='020'><subfield code='a'>1846031036</subfield></datafield><datafield ind1=' ' ind2=' ' tag='035'><subfield code='a'>(OCoLC)85845277</subfield><subfield code='z'>(OCoLC)225266220</subfield></datafield><datafield ind1=' ' ind2=' ' tag='040'><subfield code='a'>DLC</subfield><subfield code='c'>DLC</subfield><subfield code='d'>DLC</subfield></datafield><datafield ind1=' ' ind2=' ' tag='043'><subfield code='a'>a-vt---</subfield><subfield code='a'>n-us---</subfield></datafield><datafield ind1='0' ind2='0' tag='050'><subfield code='a'>DS558.9.A77</subfield><subfield code='b'>F67 2007</subfield></datafield><datafield ind1='0' ind2='0' tag='082'><subfield code='a'>959.704/342</subfield><subfield code='2'>22</subfield></datafield><datafield ind1='1' ind2=' ' tag='100'><subfield code='a'>Foster, Randy E. M.</subfield></datafield><datafield ind1='1' ind2='0' tag='245'><subfield code='a'>Vietnam firebases, 1965-73 :</subfield><subfield code='b'>American and Australian forces /</subfield><subfield code='c'>Randy E.M. Foster ; illustrated by Peter Dennis.</subfield></datafield><datafield ind1=' ' ind2=' ' tag='260'><subfield code='a'>Oxford ;</subfield><subfield code='a'>New York :</subfield><subfield code='b'>Osprey,</subfield><subfield code='c'>2007.</subfield></datafield><datafield ind1=' ' ind2=' ' tag='300'><subfield code='a'>64 p. :</subfield><subfield code='b'>ill. (some col.) , maps (some col.) ;</subfield><subfield code='c'>28 cm.</subfield></datafield><datafield ind1='1' ind2=' ' tag='490'><subfield code='a'>Fortress ;</subfield><subfield code='v'>58</subfield></datafield><datafield ind1=' ' ind2=' ' tag='504'><subfield code='a'>Includes bibliographical references (p. 62) and index.</subfield></datafield><datafield ind1='0' ind2=' ' tag='505'><subfield code='a'>Introduction -- What is a firebase? -- Building a firebase -- The operational use of firebases -- Tour of a firebase : design and developments -- Life in a firebase -- Aftermath -- The sites today.</subfield></datafield><datafield ind1='0' ind2=' ' tag='520'><subfield code='a'>Artillery fire support bases of the free world forces played a critical role in the conduct of operations during the Vietnam War. They served to lay down high-volume fire on enemy firing sites, supported friendly infantry operations, and executed harassing fire missions where exact targets were not known. But the firebases themselves - which housed a range of other facilities such as troop shelters, surveillance radars and command centers - had to be defended against ground attack, and as a result became significant fortifications in their own right. This book describes the design, development and operational history of the fire support bases throughout the conflict.</subfield></datafield><datafield ind1=' ' ind2='0' tag='650'><subfield code='a'>Vietnam War, 1961-1975</subfield><subfield code='x'>Artillery operations, American.</subfield></datafield><datafield ind1=' ' ind2='0' tag='650'><subfield code='a'>Fortification</subfield><subfield code='z'>Vietnam</subfield></datafield><datafield ind1=' ' ind2='0' tag='650'><subfield code='a'>Military bases, American</subfield><subfield code='z'>Vietnam.</subfield></datafield><datafield ind1=' ' ind2='7' tag='647'><subfield code='a'>Vietnam War</subfield><subfield code='d'>(1961-1975)</subfield><subfield code='2'>fast</subfield><subfield code='0'>(OCoLC)fst01431664</subfield><subfield code='1'>https://id.oclc.org/worldcat/entity/E39Qhp4vB9HVwcPb3whDTtrg7b</subfield></datafield><datafield ind1=' ' ind2='7' tag='648'><subfield code='a'>1961-1975</subfield><subfield code='2'>fast</subfield></datafield><datafield ind1=' ' ind2='7' tag='648'><subfield code='a'>Geschichte 1965-1973</subfield><subfield code='2'>swd</subfield></datafield><datafield ind1='1' ind2=' ' tag='700'><subfield code='a'>Dennis, Peter,</subfield><subfield code='d'>1950-</subfield></datafield><datafield ind1='0' ind2=' ' tag='730'><subfield code='a'>Project Muse UPCC books</subfield><subfield code='5'>net</subfield></datafield><datafield ind1='0' ind2='8' tag='776'><subfield code='i'>Online version:</subfield><subfield code='a'>Foster, Randy E.M.</subfield><subfield code='t'>Vietnam firebases, 1965-73.</subfield><subfield code='d'>Oxford ; New York : Osprey, 2007</subfield><subfield code='w'>(OCoLC)891436324</subfield></datafield><datafield ind1=' ' ind2='0' tag='830'><subfield code='a'>Fortress ;</subfield><subfield code='v'>58.</subfield></datafield><datafield ind1='1' ind2=' ' tag='583'><subfield code='a'>committed to retain</subfield><subfield code='c'>20181001</subfield><subfield code='d'>in perpetuity</subfield><subfield code='f'>ReCAP Shared Collection</subfield><subfield code='5'>HUL</subfield><subfield code='8'>222111554970003941</subfield></datafield><datafield ind1='0' ind2=' ' tag='852'><subfield code='c'>HD</subfield><subfield code='h'>DS558.9.A77</subfield><subfield code='i'>F67 2007</subfield><subfield code='0'>11968744</subfield><subfield code='b'>scsbhl</subfield></datafield><datafield ind1=' ' ind2=' ' tag='876'><subfield code='0'>11968744</subfield><subfield code='a'>17727823</subfield><subfield code='h'> </subfield><subfield code='j'>Available</subfield><subfield code='k'>WID</subfield><subfield code='p'>32044093836542</subfield><subfield code='x'>Shared</subfield><subfield code='z'>HW</subfield><subfield code='l'>HD</subfield></datafield></record>