
<record><leader>01203pam a2200313 a 4500</leader><controlfield tag='001'>SCSB-11047133</controlfield><controlfield tag='005'>20020606163548.3</controlfield><controlfield tag='008'>950320s1995    txuab    b    001 0 eng  </controlfield><controlfield tag='009'>990059557400203941</controlfield><datafield ind1=' ' ind2=' ' tag='010'><subfield code='a'>^^^95012215^</subfield></datafield><datafield ind1=' ' ind2=' ' tag='020'><subfield code='a'>0890966575 (alk. paper)</subfield></datafield><datafield ind1=' ' ind2=' ' tag='035'><subfield code='a'>(OCoLC)32273529</subfield><subfield code='z'>(OCoLC)39319996</subfield><subfield code='z'>(OCoLC)732820719</subfield></datafield><datafield ind1=' ' ind2=' ' tag='040'><subfield code='a'>DLC</subfield><subfield code='c'>DLC</subfield><subfield code='d'>DLC</subfield></datafield><datafield ind1=' ' ind2=' ' tag='043'><subfield code='a'>a-vt---</subfield><subfield code='a'>n-us---</subfield></datafield><datafield ind1='0' ind2='0' tag='050'><subfield code='a'>DS558</subfield><subfield code='b'>.N64 1995</subfield></datafield><datafield ind1='0' ind2='0' tag='082'><subfield code='a'>959.704/342</subfield><subfield code='2'>20</subfield></datafield><datafield ind1='1' ind2=' ' tag='100'><subfield code='a'>Nolan, Keith William,</subfield><subfield code='d'>1964-</subfield></datafield><datafield ind1='1' ind2='0' tag='245'><subfield code='a'>Sappers in the wire :</subfield><subfield code='b'>the life and death of Firebase Mary Ann /</subfield><subfield code='c'>by Keith William Nolan.</subfield></datafield><datafield ind1=' ' ind2=' ' tag='250'><subfield code='a'>1st ed.</subfield></datafield><datafield ind1=' ' ind2=' ' tag='260'><subfield code='a'>College Station :</subfield><subfield code='b'>Texas A&amp;M University Press,</subfield><subfield code='c'>c1995.</subfield></datafield><datafield ind1=' ' ind2=' ' tag='300'><subfield code='a'>xiii, 225 p. :</subfield><subfield code='b'>ill., maps ;</subfield><subfield code='c'>24 cm.</subfield></datafield><datafield ind1='1' ind2=' ' tag='490'><subfield code='a'>Texas A &amp; M University military history series ;</subfield><subfield code='v'>45</subfield></datafield><datafield ind1=' ' ind2=' ' tag='504'><subfield code='a'>Includes bibliographical references (p. [211]-217) and index.</subfield></datafield><datafield ind1='0' ind2=' ' tag='505'><subfield code='a'>pt. 1. The disaster. Sappers in the wire -- pt. 2. Kill professionally. Rain, rain, and more rain -- The children&apos;s crusade -- Many wars -- pt. 3. Blindman&apos;s buff. Chargin&apos; Charlie -- Trail watchers -- Ambush -- Death was among us -- pt. 4. Countdown to the storm. Body counts -- pt. 5. The massacre at Firebase Mary Ann. Another quiet night -- Sappers -- B-TOC burning -- Primary targets -- Dominoes -- Hand-to-hand -- Fighting back -- Picking up the pieces -- Repercussions.</subfield></datafield><datafield ind1='1' ind2='0' tag='610'><subfield code='a'>United States.</subfield><subfield code='b'>Army.</subfield><subfield code='b'>Infantry Regiment, 46th.</subfield><subfield code='b'>Battalion, 1st.</subfield></datafield><datafield ind1=' ' ind2='0' tag='650'><subfield code='a'>Vietnam War, 1961-1975</subfield><subfield code='z'>United States</subfield></datafield><datafield ind1=' ' ind2='0' tag='650'><subfield code='a'>Vietnam War, 1961-1975</subfield><subfield code='x'>Regimental histories</subfield><subfield code='z'>United States</subfield></datafield><datafield ind1=' ' ind2='0' tag='650'><subfield code='a'>Vietnam War, 1961-1975</subfield><subfield code='x'>Veterans</subfield><subfield code='z'>United States</subfield><subfield code='x'>Interviews.</subfield></datafield><datafield ind1=' ' ind2='0' tag='650'><subfield code='a'>Veterans</subfield><subfield code='z'>United States</subfield></datafield><datafield ind1=' ' ind2='7' tag='655'><subfield code='a'>Interviews</subfield><subfield code='2'>fast</subfield></datafield><datafield ind1=' ' ind2='7' tag='647'><subfield code='a'>Vietnam War</subfield><subfield code='d'>(1961-1975)</subfield><subfield code='2'>fast</subfield><subfield code='0'>(OCoLC)fst01431664</subfield></datafield><datafield ind1=' ' ind2='7' tag='648'><subfield code='a'>1961-1975</subfield><subfield code='2'>fast</subfield></datafield><datafield ind1=' ' ind2='0' tag='830'><subfield code='a'>Texas A &amp; M University military history series</subfield><subfield code='v'>45.</subfield></datafield><datafield ind1='1' ind2=' ' tag='583'><subfield code='a'>committed to retain</subfield><subfield code='c'>20181001</subfield><subfield code='d'>in perpetuity</subfield><subfield code='f'>ReCAP Shared Collection</subfield><subfield code='5'>HUL</subfield><subfield code='8'>221972240420003941</subfield></datafield><datafield ind1='0' ind2=' ' tag='852'><subfield code='c'>HD</subfield><subfield code='h'>DS558</subfield><subfield code='i'>.N64 1995</subfield><subfield code='0'>11844369</subfield><subfield code='b'>scsbhl</subfield></datafield><datafield ind1=' ' ind2=' ' tag='876'><subfield code='0'>11844369</subfield><subfield code='a'>17599073</subfield><subfield code='h'> </subfield><subfield code='j'>Available</subfield><subfield code='k'>WID</subfield><subfield code='p'>HX73L1</subfield><subfield code='x'>Shared</subfield><subfield code='z'>HW</subfield><subfield code='l'>HD</subfield></datafield></record>