
<record><leader>00000nam a22002177a 4500</leader><controlfield tag='001'>SCSB-12911065</controlfield><controlfield tag='005'>20170706102308.0</controlfield><controlfield tag='008'>141205s2014    pl |||||||||||||| ||pol d</controlfield><controlfield tag='009'>990142682800203941</controlfield><datafield ind1=' ' ind2=' ' tag='020'><subfield code='a'>9788364682216</subfield></datafield><datafield ind1=' ' ind2=' ' tag='035'><subfield code='a'>(OCoLC)900012356</subfield></datafield><datafield ind1=' ' ind2=' ' tag='040'><subfield code='a'>PlWaKWL</subfield><subfield code='c'>PlWaKWL</subfield></datafield><datafield ind1=' ' ind2=' ' tag='043'><subfield code='a'>a-is---</subfield></datafield><datafield ind1='1' ind2=' ' tag='100'><subfield code='a'>Butler, Judith,</subfield><subfield code='d'>1956-</subfield></datafield><datafield ind1='1' ind2='0' tag='240'><subfield code='a'>Parting ways.</subfield><subfield code='l'>Polish.</subfield></datafield><datafield ind1='1' ind2='0' tag='245'><subfield code='a'>Na rozdrożu :</subfield><subfield code='b'>żydowskość i krytyka syjonizmu /</subfield><subfield code='c'>Judith Butler ; przełożył Michał Filipczuk.</subfield></datafield><datafield ind1=' ' ind2=' ' tag='250'><subfield code='a'>Wyd. 1.</subfield></datafield><datafield ind1=' ' ind2=' ' tag='260'><subfield code='a'>Warszawa :</subfield><subfield code='b'>Wydawnictwo &quot;Krytyki Politycznej&quot;,</subfield><subfield code='c'>2014.</subfield></datafield><datafield ind1=' ' ind2=' ' tag='300'><subfield code='a'>382 p. ;</subfield><subfield code='c'>21 cm.</subfield></datafield><datafield ind1='1' ind2=' ' tag='490'><subfield code='a'>Seria Idee ;</subfield><subfield code='v'>52</subfield></datafield><datafield ind1=' ' ind2='0' tag='650'><subfield code='a'>Zionism</subfield><subfield code='x'>Philosophy</subfield></datafield><datafield ind1=' ' ind2='0' tag='650'><subfield code='a'>Zionism</subfield><subfield code='v'>Controversial literature.</subfield></datafield><datafield ind1=' ' ind2='0' tag='650'><subfield code='a'>Antisemitism</subfield></datafield><datafield ind1=' ' ind2='0' tag='650'><subfield code='a'>Jewish ethics</subfield></datafield><datafield ind1=' ' ind2='0' tag='650'><subfield code='a'>Political violence</subfield><subfield code='z'>Israel.</subfield></datafield><datafield ind1='1' ind2=' ' tag='700'><subfield code='a'>Filipczuk, Michał.</subfield></datafield><datafield ind1=' ' ind2='0' tag='830'><subfield code='a'>Seria Idee</subfield><subfield code='v'>52.</subfield></datafield><datafield ind1='1' ind2=' ' tag='583'><subfield code='a'>committed to retain</subfield><subfield code='c'>20181001</subfield><subfield code='d'>in perpetuity</subfield><subfield code='f'>ReCAP Shared Collection</subfield><subfield code='5'>HUL</subfield><subfield code='8'>222173776760003941</subfield></datafield><datafield ind1='0' ind2=' ' tag='852'><subfield code='c'>HD</subfield><subfield code='0'>13762864</subfield><subfield code='b'>scsbhl</subfield></datafield><datafield ind1=' ' ind2=' ' tag='876'><subfield code='0'>13762864</subfield><subfield code='a'>19592856</subfield><subfield code='h'> </subfield><subfield code='j'>Available</subfield><subfield code='k'>WID</subfield><subfield code='p'>32044132394248</subfield><subfield code='x'>Shared</subfield><subfield code='z'>HW</subfield><subfield code='l'>HD</subfield></datafield></record>