
<record><leader>00000cam a2200433Ii 4500</leader><controlfield tag='001'>SCSB-10124367</controlfield><controlfield tag='005'>20130917074813.0</controlfield><controlfield tag='008'>130529s2013    fr a     bc   000 0 fre d</controlfield><controlfield tag='009'>990137233910203941</controlfield><datafield ind1=' ' ind2=' ' tag='020'><subfield code='a'>9782915548778</subfield></datafield><datafield ind1=' ' ind2=' ' tag='020'><subfield code='a'>2915548773</subfield></datafield><datafield ind1=' ' ind2=' ' tag='035'><subfield code='a'>(OCoLC)845036323</subfield></datafield><datafield ind1=' ' ind2=' ' tag='040'><subfield code='a'>ERASP</subfield><subfield code='b'>eng</subfield><subfield code='e'>rda</subfield><subfield code='c'>ERASP</subfield><subfield code='d'>AUXAM</subfield><subfield code='d'>MZA</subfield><subfield code='d'>OCLCO</subfield><subfield code='d'>DEBSZ</subfield><subfield code='d'>FDA</subfield></datafield><datafield ind1=' ' ind2=' ' tag='043'><subfield code='a'>e-fr---</subfield></datafield><datafield ind1=' ' ind2='4' tag='050'><subfield code='a'>ND551.V47</subfield><subfield code='b'>C47 2013</subfield></datafield><datafield ind1='0' ind2='4' tag='082'><subfield code='a'>709.944</subfield></datafield><datafield ind1='1' ind2=' ' tag='100'><subfield code='a'>Cernogora, Judith</subfield><subfield code='e'>author.</subfield></datafield><datafield ind1='1' ind2='0' tag='245'><subfield code='a'>Vernon et les bords de Seine au temps des impressionnistes /</subfield><subfield code='c'>Judith Cernogora, Philippe Piguet.</subfield></datafield><datafield ind1=' ' ind2='1' tag='264'><subfield code='a'>Bonsecours :</subfield><subfield code='b'>Point de Vues Editions,</subfield><subfield code='c'>[2013]</subfield></datafield><datafield ind1=' ' ind2=' ' tag='300'><subfield code='a'>120 pages :</subfield><subfield code='b'>color illustrations ;</subfield><subfield code='c'>22 cm</subfield></datafield><datafield ind1=' ' ind2=' ' tag='336'><subfield code='a'>text</subfield><subfield code='2'>rdacontent</subfield></datafield><datafield ind1=' ' ind2=' ' tag='337'><subfield code='a'>unmediated</subfield><subfield code='2'>rdamedia</subfield></datafield><datafield ind1=' ' ind2=' ' tag='338'><subfield code='a'>volume</subfield><subfield code='2'>rdacarrier</subfield></datafield><datafield ind1=' ' ind2=' ' tag='500'><subfield code='a'>This book is published as part of the exhibition &quot;Vernon and the Seine and Impressionism&quot; presented at the Musee Vernon April 13, 2013 to September 22, 2013, on the occasion of the Normandy Impressionist Festival.</subfield></datafield><datafield ind1=' ' ind2=' ' tag='520'><subfield code='a'>Claude Monet, Pierre Bonnard, Hoschede White, and Theodore Earl Butler are among the very many artists who settled in the area of Vernon. They were attracted by the richness and beauty of the landscape along the Seine and the new way to consider landscape painting and the wider practice of painting &quot;on the ground&quot;. Intense artistic activity prevailed at that time, marked by the emulation and the constant exchanges between artists in their narrow area of focus. This book traces the strong commitment of the artists in the region of Vernon and the Seine, how they were influenced by the principles of Impressionism and their dedicating to developing their art.</subfield></datafield><datafield ind1=' ' ind2=' ' tag='504'><subfield code='a'>Includes bibliographical references (page 120).</subfield></datafield><datafield ind1='0' ind2='0' tag='505'><subfield code='t'>Vernon et les bords de Seine au temps des impressionnistes /</subfield><subfield code='r'>Judith Cernogora (J.C.) --</subfield><subfield code='t'>Vernon et la photographie /</subfield><subfield code='r'>Judith Cernogora --</subfield><subfield code='t'>La Seine, l&apos;Epte et le Ru /</subfield><subfield code='r'>Philippe Piguet (P.P.) --</subfield><subfield code='t'>Les artistes de Giverny /</subfield><subfield code='r'>Judith Cernogora --</subfield><subfield code='t'>Artistes des alentours de Vernon /</subfield><subfield code='r'>Judith Cernogora.</subfield></datafield><datafield ind1=' ' ind2='0' tag='650'><subfield code='a'>Impressionism (Art)</subfield><subfield code='z'>France</subfield><subfield code='z'>Vernon</subfield><subfield code='v'>Exhibitions.</subfield></datafield><datafield ind1=' ' ind2='0' tag='651'><subfield code='a'>Vernon (Eure, France)</subfield><subfield code='v'>In art</subfield><subfield code='v'>Exhibitions.</subfield></datafield><datafield ind1=' ' ind2='0' tag='651'><subfield code='a'>Seine River (France)</subfield><subfield code='v'>In art</subfield><subfield code='v'>Exhibitions.</subfield></datafield><datafield ind1=' ' ind2='7' tag='655'><subfield code='a'>Exhibition catalogs</subfield><subfield code='2'>fast</subfield><subfield code='0'>(OCoLC)fst01424028</subfield></datafield><datafield ind1='1' ind2=' ' tag='700'><subfield code='a'>Piguet, Philippe,</subfield><subfield code='d'>1946-</subfield><subfield code='e'>author.</subfield></datafield><datafield ind1='2' ind2=' ' tag='710'><subfield code='a'>Musée municipal Alphonse-Georges Poulain</subfield></datafield><datafield ind1='1' ind2=' ' tag='583'><subfield code='a'>committed to retain</subfield><subfield code='c'>20181001</subfield><subfield code='d'>in perpetuity</subfield><subfield code='f'>ReCAP Shared Collection</subfield><subfield code='5'>HUL</subfield><subfield code='8'>222160023820003941</subfield></datafield><datafield ind1=' ' ind2=' ' tag='901'><subfield code='a'>05067ba9-89bc-4493-9dfe-f2e946743665</subfield><subfield code='b'>25</subfield><subfield code='c'>false</subfield></datafield><datafield ind1='0' ind2=' ' tag='852'><subfield code='c'>HD</subfield><subfield code='h'>ND551.V47</subfield><subfield code='i'>C47 2013</subfield><subfield code='0'>10878000</subfield><subfield code='b'>scsbhl</subfield></datafield><datafield ind1=' ' ind2=' ' tag='876'><subfield code='0'>10878000</subfield><subfield code='a'>16583581</subfield><subfield code='h'> </subfield><subfield code='j'>Available</subfield><subfield code='k'>FAL</subfield><subfield code='p'>32044129855037</subfield><subfield code='x'>Shared</subfield><subfield code='z'>FL</subfield><subfield code='l'>HD</subfield></datafield></record>