
<record><leader>00000cam a2200589Ia 4500</leader><controlfield tag='001'>SCSB-12270674</controlfield><controlfield tag='005'>20110805192307.0</controlfield><controlfield tag='008'>100612s2011    nyu           000 0 eng d</controlfield><controlfield tag='009'>990127858680203941</controlfield><datafield ind1=' ' ind2=' ' tag='020'><subfield code='a'>9780062020444</subfield></datafield><datafield ind1=' ' ind2=' ' tag='020'><subfield code='a'>0062020447</subfield></datafield><datafield ind1=' ' ind2=' ' tag='035'><subfield code='a'>(OCoLC)641534355</subfield><subfield code='z'>(OCoLC)966597060</subfield><subfield code='z'>(OCoLC)967798549</subfield><subfield code='z'>(OCoLC)973977020</subfield><subfield code='z'>(OCoLC)980546234</subfield><subfield code='z'>(OCoLC)985283545</subfield><subfield code='z'>(OCoLC)988974622</subfield><subfield code='z'>(OCoLC)993319992</subfield><subfield code='z'>(OCoLC)995544867</subfield><subfield code='z'>(OCoLC)1002679982</subfield><subfield code='z'>(OCoLC)1003733534</subfield><subfield code='z'>(OCoLC)1017894118</subfield><subfield code='z'>(OCoLC)1022735141</subfield><subfield code='z'>(OCoLC)1027982853</subfield><subfield code='z'>(OCoLC)1029809388</subfield><subfield code='z'>(OCoLC)1034869065</subfield><subfield code='z'>(OCoLC)1039500914</subfield><subfield code='z'>(OCoLC)1045740105</subfield><subfield code='z'>(OCoLC)1050291012</subfield><subfield code='z'>(OCoLC)1054973633</subfield><subfield code='z'>(OCoLC)1059084373</subfield><subfield code='z'>(OCoLC)1076499503</subfield><subfield code='z'>(OCoLC)1080660152</subfield><subfield code='z'>(OCoLC)1083379549</subfield><subfield code='z'>(OCoLC)1090916391</subfield><subfield code='z'>(OCoLC)1099596254</subfield><subfield code='z'>(OCoLC)1102460079</subfield><subfield code='z'>(OCoLC)1105283183</subfield><subfield code='z'>(OCoLC)1105322158</subfield><subfield code='z'>(OCoLC)1105962478</subfield><subfield code='z'>(OCoLC)1109982732</subfield><subfield code='z'>(OCoLC)1201964992</subfield></datafield><datafield ind1=' ' ind2=' ' tag='040'><subfield code='a'>BTCTA</subfield><subfield code='b'>eng</subfield><subfield code='c'>BTCTA</subfield><subfield code='d'>YDXCP</subfield><subfield code='d'>LAF</subfield><subfield code='d'>NYP</subfield><subfield code='d'>BKX</subfield><subfield code='d'>VP@</subfield><subfield code='d'>BWX</subfield><subfield code='d'>CDX</subfield><subfield code='d'>IAD</subfield><subfield code='d'>XBE</subfield><subfield code='d'>NLGGC</subfield><subfield code='d'>FDA</subfield></datafield><datafield ind1=' ' ind2='4' tag='050'><subfield code='a'>TK5105.875.I57</subfield><subfield code='b'>I8 2011</subfield></datafield><datafield ind1='0' ind2='4' tag='082'><subfield code='a'>004.67/8</subfield><subfield code='2'>22</subfield></datafield><datafield ind1=' ' ind2=' ' tag='084'><subfield code='a'>06.64</subfield><subfield code='2'>bcl</subfield></datafield><datafield ind1=' ' ind2=' ' tag='084'><subfield code='a'>50.12</subfield><subfield code='2'>bcl</subfield></datafield><datafield ind1='0' ind2='0' tag='245'><subfield code='a'>Is the Internet changing the way you think? :</subfield><subfield code='b'>the net&apos;s impact on our minds and future /</subfield><subfield code='c'>edited by John Brockman.</subfield></datafield><datafield ind1=' ' ind2=' ' tag='250'><subfield code='a'>1st ed.</subfield></datafield><datafield ind1=' ' ind2=' ' tag='260'><subfield code='a'>New York :</subfield><subfield code='b'>Harper Perennial,</subfield><subfield code='c'>c2011.</subfield></datafield><datafield ind1=' ' ind2=' ' tag='300'><subfield code='a'>xxxii, 408 p. ;</subfield><subfield code='c'>21 cm.</subfield></datafield><datafield ind1=' ' ind2=' ' tag='500'><subfield code='a'>&quot;Edge.org presents ideas from today&apos;s leading thinkers&quot;--Cover.</subfield></datafield><datafield ind1=' ' ind2=' ' tag='500'><subfield code='a'>&quot;Contributors include Steven Pinker on how the mind adapts to new technologies; Nassim N. Taleb on the destruction of precise knowledge; Richard Dawkins on the consequences of infinite information; Nicholas Carr in the future of deep thought; Helen Fisher on finding love and romance thought the Net; Wikipedia cofounder Larry Sanger on the promise and pitfalls of the &apos;hive mind&apos;; Sam Harris on the wired brain; Brian Eno on finding authenticity in a world of endless reproduction. Other thinkers include tech theorists Tim O&apos;Reilly, Clay Shirky, Douglas Rushkoff, and Evgeny Morozov; founding Wired editor Kevin Kelly; Google executive Marissa Mayer; computer scientist Jaron Lanier; philosopher Daniel C. Dennett; physicists Frank Wilczek, Martin Rees, Lisa Randall, and Lee Smolin; psychologist Mihaly Csikszentmihalyi; geneticist George Church; novelists Tom McCarthy and Douglas Coupland; actor Alan Alda; artists Marina Abramović and Ai Weiwei; X Prize founder Peter H. Diamandis; science historian George Dyson; and TED Conferences curator Chris Anderson.&quot;--Cover p. [4].</subfield></datafield><datafield ind1=' ' ind2=' ' tag='500'><subfield code='a'>List of 172 essayists: &quot;Marina Abramovic, Anthony Aguirre, Alan Alda, Alun Anderson, Chris Anderson, Noga Arikha, Scott Atran, Mahzarin R. Banaji, Albert-László Barabási, Simon Baron-Cohen, Samuel Barondes, Thomas A. Bass, Yochai Benkler, Jesse Bering, Jamshed Bharucha, Nick Bilton, Sue Blackmore, Paul Bloom, Giulio Boccaletti, Stefano Boeri, Lera Boroditsky, Nick Bostrom, Stewart Brand, John Brockman, Rodney Brooks, David M. Buss, Jason Calacanis, William Calvin, Philip Campbell, Nicholas Carr, Sean Carroll, Leo Chalupa, Nicholas Christakis, George Church, Andy Clark, June Cohen, Tony Conrad, Douglas Coupland, James Croak, M.^ Csikszentmihalyi, Fiery Cushman, David Dalrymple, Richard Dawkins, Aubrey De Grey, Stanislas Dehaene, Daniel Dennett, Emanuel Derman, Keith Devlin, Peter Diamandis, Chris DiBona, Eric Drexler, Jesse Dylan, Esther Dyson, George Dyson, David Eagleman, Olafar Eliasson, Brian Eno, Juan Enriquez, Daniel Everett, Paul Ewald, Hu Fang, Christine Finn, Eric Fischl, Helen Fisher, W. Tecumseh Fitch, Richard Foreman, Fabrizo Gallanti, Howard Gardner, David Gelernter, Neil Gershenfeld, Ralph Gibson, Gerd Gigerenzer, Ian &amp; Joel Gold, Nigel Goldenfeld, Alison Gopnik, April Gornik, Joshua Greene, Haim Harari, Judith Rich Harris, Sam Harris, Daniel Haun, Marc Hauser, Marti Hearst, Virginia Heffernan, W.^ Daniel Hillis, Donald Hoffman, Bruce Hood, Nick Isaac, Xeni Jardin, Paul Kedrosky, Kevin Kelly, Jon Kleinberg, Brian Knutson, Terence Koh, Stephen Kosslyn, Kai Krause, Andrian Kreye, Jaron Lanier, Joseph LeDoux, Andrew Lih, Seth Lloyd, Gary Marcus, Lynn Margulis, John Markoff, Marissa Mayer, Tom McCarthy, Jonas Mekas, Thomas Metzinger, Geoffrey Miller, Dave Morin, Evgevny Morozov, David Myers, Tor Nørretranders, Hans Ulrich Obrist, James O&apos;Donnell, Tim O&apos;Reilly, Gloria Origgi, Neri Oxman, Mark Pagel, Gregory Paul, Irene Pepperberg, Clifford Pickover, Stuart Pimm, Steven Pinker, Ernst Pöppel, Emily Pronin, Robert Provine, Steve Quartz, Lisa Randall, Raqs Media Collective, Martin Rees, Ed Regis, Howard Rheingold, Matt Ridley, Matthew Ritchie, Rudy Rucker, Douglas Rushkoff, Karl Sabbagh, Paul Saffo, Scott D.^ Sampson, Larry Sanger, Robert Sapolsky, Roger Schank, Peter Schwartz, Charles Seife, Terrence Sejnowski, Robert Shapiro, Michael Shermer, Clay Shirky, Barry Smith, Laurence Smith, Lee Smolin, Galia Solomonoff, Linda Stone, Seirian Sumner, Tom Standage, Victoria Stodden, Nassim Taleb, Timothy Taylor, Max Tegmark, Frank Tipler, Fred Tomaselli, John Tooby, Arnold Trehub, Sherry Turkle, Eric Weinstein, Ai Weiwei, Frank Wilczek, Ian Wilmut, Eva Wisten, Richard Saul Wurman, Anton Zeilinger.&quot;--Edge.org.</subfield></datafield><datafield ind1=' ' ind2=' ' tag='520'><subfield code='a'>Every year, Edge.org&apos;s World Question Center poses a new question to be answered by a group of luminary thinkers--philosophers, scientists, historians and the like. The 2010 question is &quot;How is the Internet changing the way YOU think?&quot; This book collects the responses of more than 150 of the world&apos;s most influential minds.</subfield></datafield><datafield ind1=' ' ind2=' ' tag='520'><subfield code='a'>Examines the way the Internet has affected society and the way people think and poses the title question to various writers, author, actors, and thinkers who contribute short essays on the subject.</subfield></datafield><datafield ind1='0' ind2='0' tag='505'><subfield code='g'>Preface :</subfield><subfield code='t'>the edge question /</subfield><subfield code='r'>by John Brockman --</subfield><subfield code='g'>Introduction :</subfield><subfield code='t'>the dawn of entaglement /</subfield><subfield code='r'>by W. Daniel Hillis --</subfield><subfield code='t'>The bookless library /</subfield><subfield code='r'>Nicholas Carr --</subfield><subfield code='t'>The invisible college /</subfield><subfield code='r'>Clay Shirky --</subfield><subfield code='t'>Net gain /</subfield><subfield code='r'>Richard Dawkins --</subfield><subfield code='t'>Let us calculate /</subfield><subfield code='r'>Frank Wilczek --</subfield><subfield code='t'>The waking dream /</subfield><subfield code='r'>Kevin Kelly --</subfield><subfield code='t'>To dream the waking dream in new ways /</subfield><subfield code='r'>Richard Saul Wurman --</subfield><subfield code='t'>Tweet me nice /</subfield><subfield code='r'>Ian Gold and Joel Gold --</subfield><subfield code='t'>The dazed state /</subfield><subfield code='r'>Richard Foreman --</subfield><subfield code='t'>What&apos;s missing here? /</subfield><subfield code='r'>Matthew Ritchie --</subfield><subfield code='t'>Power corrupts /</subfield><subfield code='r'>Daniel C. Dennett --</subfield><subfield code='t'>The rediscovery of fire /</subfield><subfield code='r'>Chris Anderson --</subfield><subfield code='t'>The rise of social media is really a reprise /</subfield><subfield code='r'>June Cohen --</subfield><subfield code='t'>The internet and the loss of tranquility /</subfield><subfield code='r'>Noga Arikha --</subfield><subfield code='t'>The greatest detractor to serious thinking since television /</subfield><subfield code='r'>Leo Chalupa --</subfield><subfield code='t'>The large information Collider, BDTs, and gravity holidays on Tuesdays /</subfield><subfield code='r'>Paul Kedrosky --</subfield><subfield code='t'>The web helps us see what isn&apos;t there /</subfield><subfield code='r'>Eric Drexler --</subfield><subfield code='t'>Knowledge without, focus within, people everywhere /</subfield><subfield code='r'>David Dalrymple --</subfield><subfield code='t'>A level playing field /</subfield><subfield code='r'>Martin Rees --</subfield><subfield code='t'>Move aside, sex /</subfield><subfield code='r'>Seth Lloyd --</subfield><subfield code='t'>Rivaling Gutenberg /</subfield><subfield code='r'>John Tooby --</subfield><subfield code='t'>The shoulders of giants /</subfield><subfield code='r'>William Calvin --</subfield><subfield code='t'>Brain candy and bad mathematics /</subfield><subfield code='r'>Mark Pegel --</subfield><subfield code='t'>Publications can perish /</subfield><subfield code='r'>Robert Shapiro --</subfield><subfield code='t'>Will the great leveler destroy diversity of thought? /</subfield><subfield code='r'>Frank J. Tipler --</subfield><subfield code='t'>We have become hunter-gatherers of images and information /</subfield><subfield code='r'>Lee Smolin --</subfield><subfield code='t'>The human texture of information /</subfield><subfield code='r'>Jon Kleinberg --</subfield><subfield code='t'>Not at all /</subfield><subfield code='r'>Steven Pinker --</subfield><subfield code='t'>This is your brain on internet /</subfield><subfield code='r'>Terrence Sejnowski --</subfield><subfield code='t'>The sculpting of human thought /</subfield><subfield code='r'>Donald Hoffman --</subfield><subfield code='t'>What kind of dumb question is that? /</subfield><subfield code='r'>Andy Clark --</subfield><subfield code='t'>Public dreaming /</subfield><subfield code='r'>Thomas Metzinger --</subfield><subfield code='t'>The age of (quantum) information? /</subfield><subfield code='r'>Anton Zeilinger --</subfield><subfield code='t'>Edge, A to Z (pars pro toto) /</subfield><subfield code='r'>Hans Ulrich Obrist --</subfield></datafield><datafield ind1='0' ind2='0' tag='505'><subfield code='t'>The degradation of predictability - and knowledge /</subfield><subfield code='r'>Nassim N. Taleb --</subfield><subfield code='t'>Calling you on your crap /</subfield><subfield code='r'>Sean Carroll --</subfield><subfield code='t'>How I think about how I think /</subfield><subfield code='r'>Lera Boroditsky --</subfield><subfield code='t'>I am not exactly a thinking person - I am a poet /</subfield><subfield code='r'>Jonas Mekas --</subfield><subfield code='t'>Kayaks versus canoes /</subfield><subfield code='r'>George Dyson --</subfield><subfield code='t'>The upload has begun /</subfield><subfield code='r'>Sam Harris --</subfield><subfield code='t'>Hell if I know /</subfield><subfield code='r'>Gregory Paul --</subfield><subfield code='t'>What I notice /</subfield><subfield code='r'>Brian Eno --</subfield><subfield code='t'>It&apos;s not what you know, it&apos;s what you can find out /</subfield><subfield code='r'>Marissa Mayer --</subfield><subfield code='t'>When I&apos;m on the net, I start to think /</subfield><subfield code='r'>Ai Weiwei --</subfield><subfield code='t'>The internet has become boring /</subfield><subfield code='r'>Andrian Kreye --</subfield><subfield code='t'>The dumb butler /</subfield><subfield code='r'>Joshua Greene --</subfield><subfield code='t'>Finding stuff remains a challenge /</subfield><subfield code='r'>Philip Campbell --</subfield><subfield code='t'>Attention, crap detection, and network awareness /</subfield><subfield code='r'>Howard Rheingold --</subfield><subfield code='t'>Information metabolism /</subfield><subfield code='r'>Esther Dyson --</subfield><subfield code='t'>Ctrl + click to follow link /</subfield><subfield code='r'>George Church --</subfield><subfield code='t'>Replacing experience with facsimile /</subfield><subfield code='r'>Eric Fischl and April Gornik --</subfield><subfield code='t'>Outsourcing the mind /</subfield><subfield code='r'>Gerd Gigerenzer --</subfield><subfield code='t'>A prehistorian&apos;s perspective /</subfield><subfield code='r'>Timothy Taylor --</subfield><subfield code='t'>The fourth phase of homo sapiens /</subfield><subfield code='r'>Scott Atran --</subfield><subfield code='t'>Transience is now permanence /</subfield><subfield code='r'>Douglas Coupland --</subfield><subfield code='t'>A return to the Scarlet Letter Savanna /</subfield><subfield code='r'>Jesse Bering --</subfield><subfield code='t'>Take love /</subfield><subfield code='r'>Helen Fisher --</subfield><subfield code='t'>Internet mating strategies /</subfield><subfield code='r'>David M. Buss --</subfield><subfield code='t'>Internet society /</subfield><subfield code='r'>Robert R. Provine --</subfield><subfield code='t'>Don&apos;t ring me /</subfield><subfield code='r'>Aubrey De Grey --</subfield><subfield code='t'>A thousand hours a year /</subfield><subfield code='r'>Simon Baron-Cohen --</subfield><subfield code='t'>Thinking like the internet, thinking like biology /</subfield><subfield code='r'>Nigel Goldenfeld --</subfield><subfield code='t'>The internet makes me think in the present tense /</subfield><subfield code='r'>Douglas Rushkoff --</subfield><subfield code='t'>Social prosthetic systems /</subfield><subfield code='r'>Stephen M. Kosslyn --</subfield><subfield code='t'>Evolving a global brain /</subfield><subfield code='r'>W. Tecumseh Fitch --</subfield><subfield code='t'>Search and emergence /</subfield><subfield code='r'>Rudy Rucker --</subfield></datafield><datafield ind1='0' ind2='0' tag='505'><subfield code='t'>My fingers have become part of my brain /</subfield><subfield code='r'>James O&apos;Donnell --</subfield><subfield code='t'>A mirror for the world&apos;s foibles /</subfield><subfield code='r'>John Markoff --</subfield><subfield code='t'>A completely new form of sense /</subfield><subfield code='r'>Terence Koh --</subfield><subfield code='t'>By changing my behavior /</subfield><subfield code='r'>Seirian Sumner --</subfield><subfield code='t'>There is no new self /</subfield><subfield code='r'>Nicholas A. Christakis --</subfield><subfield code='t'>I once was lost but now am found, or how to navigate in the chartroom of memory /</subfield><subfield code='r'>Neri Oxman --</subfield><subfield code='t'>The greatest pornographer /</subfield><subfield code='r'>Alun Anderson --</subfield><subfield code='t'>My sixth sense /</subfield><subfield code='r'>Albert-Laśzló Barabási --</subfield><subfield code='t'>The internet reifies a logic already there /</subfield><subfield code='r'>Tom McCarthy --</subfield><subfield code='t'>Instant gratification /</subfield><subfield code='r'>Peter H. Diamandis --</subfield><subfield code='t'>The internet as social amplifier /</subfield><subfield code='r'>David G. Myers --</subfield><subfield code='t'>Navigating physical and virtual lives /</subfield><subfield code='r'>Linda Stone --</subfield><subfield code='t'>Not everything or everyone in the world has a home on the internet /</subfield><subfield code='r'>Barry C. Smith --</subfield><subfield code='t'>Ephemera and back again /</subfield><subfield code='r'>Chris Dibona --</subfield><subfield code='t'>What do we think about? Who gets to do the thinking? /</subfield><subfield code='r'>Evgeny Morozov --</subfield><subfield code='t'>The internet is a cultural form /</subfield><subfield code='r'>Virginia Heffernan --</subfield><subfield code='t'>Wallowing in the world of knowledge /</subfield><subfield code='r'>Peter Schwartz --</subfield><subfield code='t'>One&apos;s guild /</subfield><subfield code='r'>Steward Brand --</subfield><subfield code='t'>Trusting nothing, debate everything /</subfield><subfield code='r'>Jason Calacanis --</subfield><subfield code='t'>Harmful one-liners, an ocean of facts, and rewired minds /</subfield><subfield code='r'>Haim Harari --</subfield><subfield code='t'>What other people think /</subfield><subfield code='r'>Marti Hearst --</subfield><subfield code='t'>The extinction of experience /</subfield><subfield code='r'>Scott D. Sampson --</subfield><subfield code='t'>The collective nature of human intelligence /</subfield><subfield code='r'>Matt Ridley --</subfield><subfield code='t'>Six ways the internet may save civilization /</subfield><subfield code='r'>David eagleman --</subfield><subfield code='t'>Better neuroxing through the internet /</subfield><subfield code='r'>Samuel Barondes --</subfield><subfield code='t'>A gift to conspirators and terrorists everywhere /</subfield><subfield code='r'>Marcel Kinsbourne --</subfield><subfield code='t'>The ant hill /</subfield><subfield code='r'>Eva Wisten --</subfield><subfield code='t'>I can make a difference because of the internet /</subfield><subfield code='r'>Bruce Hood --</subfield></datafield><datafield ind1='0' ind2='0' tag='505'><subfield code='t'>Go virtual, young man /</subfield><subfield code='r'>Eric Weinstein --</subfield><subfield code='t'>My internet mind /</subfield><subfield code='r'>Thomas A. Bass --</subfield><subfield code='t'>&quot;If you have cancer, don&apos;t go on the internet&quot; /</subfield><subfield code='r'>Karl Sabbagh --</subfield><subfield code='t'>Incomprehensible visitors from the technological future /</subfield><subfield code='r'>Alison Gopnik --</subfield><subfield code='t'>&quot;Go native&quot; /</subfield><subfield code='r'>Howard Gardner --</subfield><subfield code='t'>The maximization of neoteny /</subfield><subfield code='r'>Jaron Lanier --</subfield><subfield code='t'>Wisdom of the crowd /</subfield><subfield code='r'>Keith Devlin --</subfield><subfield code='t'>Weirdness of the crowd /</subfield><subfield code='r'>Robert Sapolsky --</subfield><subfield code='t'>The synchronization of minds /</subfield><subfield code='r'>Jamshed Bharucha --</subfield><subfield code='t'>My judgment enhancer /</subfield><subfield code='r'>Geoffrey Miller --</subfield><subfield code='t'>Speed plus mobs /</subfield><subfield code='r'>Alan Alda --</subfield><subfield code='t'>Repetition, availability, and truth /</subfield><subfield code='r'>Daniel Haun --</subfield><subfield code='t'>The armed truce /</subfield><subfield code='r'>Irene M. Pepperberg --</subfield><subfield code='t'>More efficient, but to what end? /</subfield><subfield code='r'>Emanuel Derman --</subfield><subfield code='t'>I have outsourced my memory /</subfield><subfield code='r'>Charles Seife --</subfield><subfield code='t'>The new balance :</subfield><subfield code='t'>more processing, less memorization /</subfield><subfield code='r'>Fiery Cushman --</subfield><subfield code='t'>The enemy of insight? /</subfield><subfield code='r'>Anthony Aguirre --</subfield><subfield code='t'>The joy of just-enoughness /</subfield><subfield code='r'>Judith Rich Harris --</subfield><subfield code='t'>The rise of internet prosthetic brains and soliton personhood /</subfield><subfield code='r'>Clifford Pickover --</subfield><subfield code='t'>Immortality /</subfield><subfield code='r'>Juan Enriquez --</subfield><subfield code='t'>A third replicator /</subfield><subfield code='r'>Susan Blackmore --</subfield><subfield code='t'>Bells and smoke /</subfield><subfield code='r'>Christine Finn --</subfield><subfield code='t'>Dare, care, and share /</subfield><subfield code='r'>Tor Nørretranders --</subfield><subfield code='t'>Getting close /</subfield><subfield code='r'>Stuart Pimm --</subfield><subfield code='t'>A miracle and a curse /</subfield><subfield code='r'>Ed Regis --</subfield><subfield code='t'>&quot;The plural of anecdote is not data&quot; /</subfield><subfield code='r'>Lisa Randall --</subfield><subfield code='t'>Collective action and the global commons /</subfield><subfield code='r'>Giulio Boccaletti --</subfield><subfield code='t'>Informed, tightfisted, and synthetic /</subfield><subfield code='r'>Laurence C. Smith --</subfield><subfield code='t'>Massive collaboration /</subfield><subfield code='r'>Andrew Lih --</subfield><subfield code='t'>We know less about thinking than we think /</subfield><subfield code='r'>Steven R. Quartz --</subfield><subfield code='t'>An impenetrable machine /</subfield><subfield code='r'>Emily Pronin --</subfield><subfield code='t'>A question without an answer /</subfield><subfield code='r'>Tony Conrad --</subfield><subfield code='t'>Conceptual compasses for deeper generalists /</subfield><subfield code='r'>Paul W. Ewald --</subfield><subfield code='t'>Art making going rural /</subfield><subfield code='r'>James Croak --</subfield><subfield code='t'>The cat is out of the bag /</subfield><subfield code='r'>Max Tegmark --</subfield><subfield code='t'>Everyone is an expert /</subfield><subfield code='r'>Roger Schank --</subfield></datafield><datafield ind1='0' ind2='0' tag='505'><subfield code='t'>Pioneering insights /</subfield><subfield code='r'>Neil Gershenfeld --</subfield><subfield code='t'>Thinking in the Amazon /</subfield><subfield code='r'>Daniel L. Everett --</subfield><subfield code='t'>The virtualization of the universe /</subfield><subfield code='r'>David Gelernter --</subfield><subfield code='t'>Information-provoked attention deficit disorder /</subfield><subfield code='r'>Rodney Brooks --</subfield><subfield code='t'>Present versus future self /</subfield><subfield code='r'>Brian Knutson --</subfield><subfield code='t'>I am realizing how nice people can be /</subfield><subfield code='r'>Paul Bloom --</subfield><subfield code='t'>My perception of time /</subfield><subfield code='r'>Marina Abramović --</subfield><subfield code='t'>The rotating problem, or how I learned to accelerate my mental clock /</subfield><subfield code='r'>Stanislas Dehaene --</subfield><subfield code='t'>I must confess to being perplexed /</subfield><subfield code='r'>Mihaly Csikszentmihalyi --</subfield><subfield code='t'>Taking on the habits of the scientist, the investigative reporter, and the media critic /</subfield><subfield code='r'>Yochai Benkler --</subfield><subfield code='t'>Thinking as therapy in a world of too much /</subfield><subfield code='r'>Ernst Pöppel --</subfield><subfield code='t'>Internet is wind /</subfield><subfield code='r'>Stefano Boeri --</subfield><subfield code='t'>Of knowledge, content, place, and space /</subfield><subfield code='r'>Galia Solomonoff --</subfield><subfield code='t'>The power of conversation /</subfield><subfield code='r'>Gloria Origgi --</subfield><subfield code='t'>A real-time perpetual time capsule /</subfield><subfield code='r'>Nick Bilton --</subfield><subfield code='t'>Getting from Jack Kerouac to the pentatonic scale /</subfield><subfield code='r'>Jesse Dylan --</subfield><subfield code='t'>A vehicle for large-scale education about the human mind /</subfield><subfield code='r'>Mahzarin R. Banaji --</subfield><subfield code='t'>Sandbars and portages /</subfield><subfield code='r'>Tim O&apos;Reilly --</subfield><subfield code='t'>No one is immune to the storms that shake the world /</subfield><subfield code='r'>Raqs Media Collective --</subfield><subfield code='t'>Dowsing through data /</subfield><subfield code='r'>Xeni Jardin --</subfield><subfield code='t'>Bleat for youself /</subfield><subfield code='r'>Larry Sanger.</subfield></datafield><datafield ind1='1' ind2='7' tag='650'><subfield code='a'>Denken.</subfield><subfield code='2'>gtt</subfield></datafield><datafield ind1='1' ind2='7' tag='650'><subfield code='a'>Internet.</subfield><subfield code='2'>gtt</subfield></datafield><datafield ind1=' ' ind2='0' tag='650'><subfield code='a'>Internet</subfield></datafield><datafield ind1=' ' ind2='0' tag='650'><subfield code='a'>Internet</subfield><subfield code='x'>Social aspects</subfield></datafield><datafield ind1=' ' ind2='0' tag='650'><subfield code='a'>Thought and thinking</subfield></datafield><datafield ind1=' ' ind2='7' tag='650'><subfield code='a'>Internet</subfield><subfield code='x'>Psychological aspects.</subfield><subfield code='2'>sears</subfield></datafield><datafield ind1=' ' ind2='7' tag='650'><subfield code='a'>Internet</subfield><subfield code='x'>Social aspects.</subfield><subfield code='2'>sears</subfield></datafield><datafield ind1=' ' ind2='7' tag='650'><subfield code='a'>Thought and thinking.</subfield><subfield code='2'>sears</subfield></datafield><datafield ind1='2' ind2='7' tag='610'><subfield code='a'>Atarazanas</subfield><subfield code='g'>Valencia</subfield><subfield code='2'>gnd</subfield></datafield><datafield ind1='1' ind2=' ' tag='700'><subfield code='a'>Brockman, John,</subfield><subfield code='d'>1941-</subfield></datafield><datafield ind1='2' ind2=' ' tag='710'><subfield code='a'>Edge.org</subfield></datafield><datafield ind1='1' ind2=' ' tag='583'><subfield code='a'>committed to retain</subfield><subfield code='c'>20181001</subfield><subfield code='d'>in perpetuity</subfield><subfield code='f'>ReCAP Shared Collection</subfield><subfield code='5'>HUL</subfield><subfield code='8'>222137243800003941</subfield></datafield><datafield ind1='0' ind2=' ' tag='852'><subfield code='c'>HD</subfield><subfield code='h'>TK5105.875.I57</subfield><subfield code='i'>I8 2011</subfield><subfield code='0'>13103895</subfield><subfield code='b'>scsbhl</subfield></datafield><datafield ind1=' ' ind2=' ' tag='876'><subfield code='0'>13103895</subfield><subfield code='a'>18906111</subfield><subfield code='h'> </subfield><subfield code='j'>Available</subfield><subfield code='k'>WID</subfield><subfield code='p'>32044117151498</subfield><subfield code='x'>Shared</subfield><subfield code='z'>HW</subfield><subfield code='l'>HD</subfield></datafield></record>