
<record><leader>00886nam a2200277 i 4500</leader><controlfield tag='001'>SCSB-8334687</controlfield><controlfield tag='003'>ItFiC</controlfield><controlfield tag='005'>20150806145833.0</controlfield><controlfield tag='008'>150728s2015    it            000 1 ita d</controlfield><controlfield tag='009'>.b207997937</controlfield><datafield ind1=' ' ind2=' ' tag='020'><subfield code='a'>9788897805434 :</subfield><subfield code='c'>12.00 EUR</subfield></datafield><datafield ind1=' ' ind2=' ' tag='040'><subfield code='a'>ItFiC</subfield><subfield code='c'>ItFiC</subfield><subfield code='e'>rda</subfield></datafield><datafield ind1='0' ind2='0' tag='050'><subfield code='a'>PQ4919.O543</subfield><subfield code='b'>N45 2015</subfield></datafield><datafield ind1='1' ind2=' ' tag='100'><subfield code='a'>Sollima, Renato,</subfield><subfield code='e'>author.</subfield></datafield><datafield ind1='1' ind2='0' tag='245'><subfield code='a'>Nel mare nero /</subfield><subfield code='c'>Renato Sollima.</subfield></datafield><datafield ind1=' ' ind2='1' tag='264'><subfield code='a'>Roma :</subfield><subfield code='b'>Arbor sapientiae,</subfield><subfield code='c'>[2015]</subfield></datafield><datafield ind1=' ' ind2=' ' tag='300'><subfield code='a'>241 pages ;</subfield><subfield code='c'>21 cm</subfield></datafield><datafield ind1=' ' ind2=' ' tag='336'><subfield code='a'>text</subfield><subfield code='b'>txt</subfield><subfield code='2'>rdacontent</subfield></datafield><datafield ind1=' ' ind2=' ' tag='337'><subfield code='a'>unmediated</subfield><subfield code='b'>n</subfield><subfield code='2'>rdamedia</subfield></datafield><datafield ind1=' ' ind2=' ' tag='338'><subfield code='a'>volume</subfield><subfield code='b'>nc</subfield><subfield code='2'>rdacarrier</subfield></datafield><datafield ind1=' ' ind2=' ' tag='907'><subfield code='a'>.b207997937</subfield><subfield code='c'>m</subfield><subfield code='d'>a</subfield><subfield code='e'>t</subfield><subfield code='f'>ita</subfield><subfield code='g'>it</subfield><subfield code='h'>0</subfield><subfield code='i'>0</subfield></datafield><datafield ind1=' ' ind2=' ' tag='991'><subfield code='y'>919085397</subfield></datafield><datafield ind1=' ' ind2=' ' tag='035'><subfield code='a'>(OCoLC)919085397</subfield></datafield><datafield ind1='8' ind2=' ' tag='852'><subfield code='h'>ReCAP 15-33870</subfield><subfield code='0'>8489454</subfield><subfield code='b'>scsbnypl</subfield></datafield><datafield ind1=' ' ind2=' ' tag='876'><subfield code='0'>8489454</subfield><subfield code='a'>13870790</subfield><subfield code='j'>Available</subfield><subfield code='p'>33433117152284</subfield><subfield code='t'>1</subfield><subfield code='x'>Shared</subfield><subfield code='z'>NA</subfield><subfield code='l'>RECAP</subfield></datafield></record>