
<record><leader>01176nam a2200301Ia 4500</leader><controlfield tag='001'>SCSB-9930529</controlfield><controlfield tag='005'>20071129113006.0</controlfield><controlfield tag='008'>991027s1995    su       b    100|0 eng d</controlfield><controlfield tag='009'>990082205400203941</controlfield><datafield ind1=' ' ind2=' ' tag='020'><subfield code='a'>9960627632</subfield></datafield><datafield ind1=' ' ind2=' ' tag='035'><subfield code='a'>(OCoLC)37460386</subfield></datafield><datafield ind1=' ' ind2=' ' tag='040'><subfield code='a'>DJB</subfield><subfield code='c'>DJB</subfield><subfield code='d'>OCL</subfield></datafield><datafield ind1=' ' ind2=' ' tag='043'><subfield code='a'>a------</subfield><subfield code='a'>f------</subfield></datafield><datafield ind1=' ' ind2='4' tag='050'><subfield code='a'>HG3368.A6</subfield><subfield code='b'>I856x 1995</subfield></datafield><datafield ind1='0' ind2='0' tag='245'><subfield code='a'>Islamic financial institutions :</subfield><subfield code='b'>seminar proceedings held in Jakarta, Indonesia in September 1990 /</subfield><subfield code='c'>edited by M. Fahim Khan.</subfield></datafield><datafield ind1=' ' ind2=' ' tag='250'><subfield code='a'>1st ed.</subfield></datafield><datafield ind1=' ' ind2=' ' tag='260'><subfield code='a'>Jeddah, Saudi Arabia :</subfield><subfield code='b'>Islamic Research and Training Institute, Islamic Development Bank,</subfield><subfield code='c'>[1995]</subfield></datafield><datafield ind1=' ' ind2=' ' tag='300'><subfield code='a'>176 p. ;</subfield><subfield code='c'>24 cm.</subfield></datafield><datafield ind1='1' ind2=' ' tag='490'><subfield code='a'>Seminar proceedings series ;</subfield><subfield code='v'>no. 27</subfield></datafield><datafield ind1=' ' ind2=' ' tag='504'><subfield code='a'>Includes bibliographical references.</subfield></datafield><datafield ind1=' ' ind2='0' tag='650'><subfield code='a'>Financial institutions</subfield><subfield code='z'>Islamic countries</subfield><subfield code='v'>Congresses.</subfield></datafield><datafield ind1=' ' ind2='0' tag='650'><subfield code='a'>Banks and banking</subfield><subfield code='z'>Islamic countries</subfield><subfield code='v'>Congresses.</subfield></datafield><datafield ind1=' ' ind2='0' tag='650'><subfield code='a'>Banks and banking</subfield><subfield code='x'>Religious aspects</subfield><subfield code='x'>Islam</subfield><subfield code='v'>Congresses</subfield></datafield><datafield ind1=' ' ind2='7' tag='655'><subfield code='a'>Conference papers and proceedings</subfield><subfield code='2'>fast</subfield><subfield code='0'>(OCoLC)fst01423772</subfield></datafield><datafield ind1='1' ind2=' ' tag='700'><subfield code='a'>Fahim Khan, M.</subfield></datafield><datafield ind1='2' ind2=' ' tag='710'><subfield code='a'>Islamic Research and Training Institute</subfield></datafield><datafield ind1='2' ind2=' ' tag='710'><subfield code='a'>Islamic Development Bank</subfield></datafield><datafield ind1='0' ind2='8' tag='776'><subfield code='i'>Online version:</subfield><subfield code='t'>Islamic financial institutions.</subfield><subfield code='b'>1st ed.</subfield><subfield code='d'>Jeddah, Saudi Arabia : Islamic Research and Training Institute, Islamic Development Bank, 1995</subfield><subfield code='w'>(OCoLC)880366950</subfield></datafield><datafield ind1=' ' ind2='0' tag='830'><subfield code='a'>Seminar proceedings (Islamic Research and Training Institute) ;</subfield><subfield code='v'>no. 27.</subfield></datafield><datafield ind1='1' ind2=' ' tag='583'><subfield code='a'>committed to retain</subfield><subfield code='c'>20181001</subfield><subfield code='d'>in perpetuity</subfield><subfield code='f'>ReCAP Shared Collection</subfield><subfield code='5'>HUL</subfield><subfield code='8'>222040774720003941</subfield></datafield><datafield ind1='0' ind2=' ' tag='852'><subfield code='c'>HD</subfield><subfield code='h'>HG3368.A6</subfield><subfield code='i'>I75 1995</subfield><subfield code='0'>10670058</subfield><subfield code='b'>scsbhl</subfield></datafield><datafield ind1=' ' ind2=' ' tag='876'><subfield code='0'>10670058</subfield><subfield code='a'>16359432</subfield><subfield code='h'> </subfield><subfield code='j'>Available</subfield><subfield code='k'>WID</subfield><subfield code='p'>HX1XGV</subfield><subfield code='x'>Shared</subfield><subfield code='z'>HW</subfield><subfield code='l'>HD</subfield></datafield><datafield ind1='0' ind2=' ' tag='852'><subfield code='c'>HD</subfield><subfield code='h'>HG3368.A6</subfield><subfield code='i'>I856x 1995</subfield><subfield code='0'>10670059</subfield><subfield code='b'>scsbhl</subfield></datafield><datafield ind1=' ' ind2=' ' tag='876'><subfield code='0'>10670059</subfield><subfield code='a'>16359433</subfield><subfield code='h'> </subfield><subfield code='j'>Available</subfield><subfield code='k'>LAW</subfield><subfield code='p'>32044106726110</subfield><subfield code='x'>Shared</subfield><subfield code='z'>HL</subfield><subfield code='l'>HD</subfield></datafield></record>