
<record><leader>00000aam a2200241 i 4500</leader><controlfield tag='001'>SCSB-10731689</controlfield><controlfield tag='005'>20140521124006.0</controlfield><controlfield tag='008'>130715s2002    su       b    000 0 eng d</controlfield><controlfield tag='009'>990137575650203941</controlfield><datafield ind1=' ' ind2=' ' tag='020'><subfield code='a'>9960321339 :</subfield><subfield code='c'>$50.00</subfield></datafield><datafield ind1=' ' ind2=' ' tag='035'><subfield code='a'>(OCoLC)880510226</subfield></datafield><datafield ind1=' ' ind2=' ' tag='040'><subfield code='b'>eng</subfield><subfield code='e'>rda</subfield></datafield><datafield ind1='1' ind2=' ' tag='100'><subfield code='a'>Chapra, M. Umer</subfield><subfield code='q'>(Muhammad Umer),</subfield><subfield code='d'>1933-</subfield><subfield code='e'>author.</subfield></datafield><datafield ind1='1' ind2='0' tag='245'><subfield code='a'>Corporate governance in Islamic financial institutions /</subfield><subfield code='c'>by Umer M. Chapra and Habib Ahmed.</subfield></datafield><datafield ind1=' ' ind2='1' tag='264'><subfield code='a'>Jeddah :</subfield><subfield code='b'>Islamic Development Bank,</subfield><subfield code='c'>2002.</subfield></datafield><datafield ind1=' ' ind2=' ' tag='300'><subfield code='a'>[10], 165 pages ;</subfield><subfield code='c'>24 cm.</subfield></datafield><datafield ind1=' ' ind2=' ' tag='336'><subfield code='a'>text</subfield><subfield code='b'>txt</subfield><subfield code='2'>rdacontent</subfield></datafield><datafield ind1=' ' ind2=' ' tag='337'><subfield code='a'>unmediated</subfield><subfield code='b'>n</subfield><subfield code='2'>rdamedia</subfield></datafield><datafield ind1=' ' ind2=' ' tag='338'><subfield code='a'>volume</subfield><subfield code='b'>nc</subfield><subfield code='2'>rdacarrier</subfield></datafield><datafield ind1='0' ind2=' ' tag='490'><subfield code='a'>Occasional paper/Islamic Development Bank, Islamic Research and Training Institute ;</subfield><subfield code='v'>6</subfield></datafield><datafield ind1=' ' ind2='0' tag='650'><subfield code='a'>Corporate governance</subfield><subfield code='x'>Religious aspects</subfield><subfield code='x'>Islam</subfield></datafield><datafield ind1=' ' ind2='0' tag='650'><subfield code='a'>Banks and banking</subfield><subfield code='x'>Religious aspects</subfield><subfield code='x'>Islam</subfield></datafield><datafield ind1=' ' ind2='0' tag='650'><subfield code='a'>Finance</subfield><subfield code='x'>Religious aspects</subfield><subfield code='x'>Islam</subfield></datafield><datafield ind1=' ' ind2='0' tag='650'><subfield code='a'>Islam</subfield><subfield code='x'>Economic aspects</subfield></datafield><datafield ind1=' ' ind2='0' tag='650'><subfield code='a'>Economics</subfield><subfield code='x'>Religious aspects</subfield><subfield code='x'>Islam</subfield></datafield><datafield ind1=' ' ind2=' ' tag='752'><subfield code='a'>Saudi Arabia</subfield><subfield code='d'>Jiddah.</subfield></datafield><datafield ind1='1' ind2=' ' tag='700'><subfield code='a'>Ahmed, Habib,</subfield><subfield code='e'>joint author.</subfield></datafield><datafield ind1='1' ind2=' ' tag='583'><subfield code='a'>committed to retain</subfield><subfield code='c'>20181001</subfield><subfield code='d'>in perpetuity</subfield><subfield code='f'>ReCAP Shared Collection</subfield><subfield code='5'>HUL</subfield><subfield code='8'>222155132280003941</subfield></datafield><datafield ind1='0' ind2=' ' tag='852'><subfield code='c'>HD</subfield><subfield code='0'>11519740</subfield><subfield code='b'>scsbhl</subfield></datafield><datafield ind1=' ' ind2=' ' tag='876'><subfield code='0'>11519740</subfield><subfield code='a'>17261046</subfield><subfield code='h'> </subfield><subfield code='j'>Available</subfield><subfield code='k'>WID</subfield><subfield code='p'>32044101690576</subfield><subfield code='x'>Shared</subfield><subfield code='z'>HW</subfield><subfield code='l'>HD</subfield></datafield></record>