
<record><leader>00742nam a2200181 a 4500</leader><controlfield tag='001'>SCSB-13363731</controlfield><controlfield tag='005'>20080618141038.0</controlfield><controlfield tag='008'>991101s1995    su a          000|0 eng d</controlfield><controlfield tag='009'>990082240670203941</controlfield><datafield ind1=' ' ind2=' ' tag='035'><subfield code='a'>(OCoLC)45089397</subfield></datafield><datafield ind1=' ' ind2=' ' tag='040'><subfield code='a'>HLS</subfield><subfield code='c'>HLS</subfield></datafield><datafield ind1=' ' ind2=' ' tag='043'><subfield code='a'>a-my---</subfield></datafield><datafield ind1=' ' ind2='4' tag='050'><subfield code='a'>HG3300.6.A8</subfield><subfield code='b'>L468x 1995</subfield></datafield><datafield ind1='0' ind2='0' tag='245'><subfield code='a'>Tabung Haji as an Islamic financial institution :</subfield><subfield code='b'>the mobilization of investment resources in an Islamic way and the management of Hajj : the organization of the Pilgrims Management and Fund Board of Malaysia.</subfield></datafield><datafield ind1=' ' ind2=' ' tag='250'><subfield code='a'>1st ed.</subfield></datafield><datafield ind1=' ' ind2=' ' tag='260'><subfield code='a'>Jiddah, Saudi Arabia :</subfield><subfield code='b'>Islamic Research and Training Institute, Islamic Development Bank,</subfield><subfield code='c'>1995.</subfield></datafield><datafield ind1=' ' ind2=' ' tag='300'><subfield code='a'>43 p. :</subfield><subfield code='b'>ill. ;</subfield><subfield code='c'>24 cm.</subfield></datafield><datafield ind1='1' ind2=' ' tag='490'><subfield code='a'>IDB prize winners&apos; lecture series ;</subfield><subfield code='v'>no. 4</subfield></datafield><datafield ind1=' ' ind2='0' tag='650'><subfield code='a'>Banks and banking</subfield><subfield code='z'>Malaysia</subfield></datafield><datafield ind1='2' ind2='0' tag='610'><subfield code='a'>Lembaga Urusan dan Tabung Haji.</subfield></datafield><datafield ind1=' ' ind2='0' tag='830'><subfield code='a'>IDB prize winners&apos; lecture series ;</subfield><subfield code='v'>no. 4.</subfield></datafield><datafield ind1='1' ind2=' ' tag='583'><subfield code='a'>committed to retain</subfield><subfield code='c'>20181001</subfield><subfield code='d'>in perpetuity</subfield><subfield code='f'>ReCAP Shared Collection</subfield><subfield code='5'>HUL</subfield><subfield code='8'>222041617470003941</subfield></datafield><datafield ind1='0' ind2=' ' tag='852'><subfield code='c'>RD</subfield><subfield code='h'>HG3300.6.A8</subfield><subfield code='i'>L468x 1995</subfield><subfield code='0'>14235956</subfield><subfield code='b'>scsbhl</subfield></datafield><datafield ind1=' ' ind2=' ' tag='876'><subfield code='0'>14235956</subfield><subfield code='a'>20500653</subfield><subfield code='h'> </subfield><subfield code='j'>Available</subfield><subfield code='k'>LAW</subfield><subfield code='p'>32044106673403</subfield><subfield code='x'>Shared</subfield><subfield code='z'>HV</subfield><subfield code='l'>RECAP</subfield></datafield></record>