
<record><leader>01181cam a2200265 a 4500</leader><controlfield tag='001'>SCSB-5063022</controlfield><controlfield tag='003'>NNC</controlfield><controlfield tag='005'>20221103042316.0</controlfield><controlfield tag='008'>040820t20032003ba            000 0 eng d</controlfield><controlfield tag='009'>4816730</controlfield><datafield ind1=' ' ind2=' ' tag='020'><subfield code='a'>9990123071</subfield></datafield><datafield ind1=' ' ind2=' ' tag='035'><subfield code='a'>(OCoLC)ocm56562025</subfield></datafield><datafield ind1=' ' ind2=' ' tag='035'><subfield code='a'>(NNC)4816730</subfield></datafield><datafield ind1=' ' ind2=' ' tag='035'><subfield code='a'>4816730</subfield></datafield><datafield ind1=' ' ind2=' ' tag='040'><subfield code='a'>SIMAS</subfield><subfield code='c'>SIMAS</subfield></datafield><datafield ind1=' ' ind2=' ' tag='043'><subfield code='a'>f------</subfield></datafield><datafield ind1='0' ind2='0' tag='245'><subfield code='a'>Accounting, auditing and governance standards for Islamic financial institutions /</subfield><subfield code='c'>Accounting and Auditing Organization for Islamic Financial Institutions.</subfield></datafield><datafield ind1=' ' ind2=' ' tag='260'><subfield code='a'>Manama, Bahrain :</subfield><subfield code='b'>Accounting and Auditing Organization for Islamic Financial Institutions,</subfield><subfield code='c'>[2003], ©2003.</subfield></datafield><datafield ind1=' ' ind2=' ' tag='300'><subfield code='a'>1 volume (various pagings) ;</subfield><subfield code='c'>24 cm</subfield></datafield><datafield ind1=' ' ind2=' ' tag='336'><subfield code='a'>text</subfield><subfield code='b'>txt</subfield><subfield code='2'>rdacontent</subfield></datafield><datafield ind1=' ' ind2=' ' tag='337'><subfield code='a'>unmediated</subfield><subfield code='b'>n</subfield><subfield code='2'>rdamedia</subfield></datafield><datafield ind1=' ' ind2=' ' tag='500'><subfield code='a'>&quot;The full text of accounting, auditing and governance standards for Islamic financial institutions as at Rabi&apos;ll 1424H - June 2003.&quot;- - Title page.</subfield></datafield><datafield ind1=' ' ind2='0' tag='650'><subfield code='a'>Accounting</subfield><subfield code='x'>Standards</subfield><subfield code='z'>Islamic countries.</subfield></datafield><datafield ind1=' ' ind2='0' tag='650'><subfield code='a'>Auditing</subfield><subfield code='x'>Standards</subfield><subfield code='z'>Islamic countries.</subfield></datafield><datafield ind1='2' ind2=' ' tag='710'><subfield code='a'>Accounting and Auditing Organization for Islamic Financial Institutions.</subfield><subfield code='0'>http://id.loc.gov/authorities/names/no98066421</subfield></datafield><datafield ind1=' ' ind2=' ' tag='901'><subfield code='a'>1054a445-d5f3-4f3f-9fa0-d3249901e9b9</subfield><subfield code='b'>25</subfield><subfield code='c'>true</subfield></datafield><datafield ind1='0' ind2='0' tag='852'><subfield code='h'>HF5616.I74 A33 2003g</subfield><subfield code='0'>5047178</subfield><subfield code='b'>scsbcul</subfield></datafield><datafield ind1=' ' ind2=' ' tag='876'><subfield code='0'>5047178</subfield><subfield code='a'>7593426</subfield><subfield code='h'> </subfield><subfield code='j'>Available</subfield><subfield code='p'>CU74277650</subfield><subfield code='t'>1</subfield><subfield code='x'>Shared</subfield><subfield code='z'>CU</subfield><subfield code='l'>RECAP</subfield></datafield></record>