
<record><leader>01143cam a22003251  4500</leader><controlfield tag='001'>SCSB-3464314</controlfield><controlfield tag='003'>NNC</controlfield><controlfield tag='005'>20220609032022.0</controlfield><controlfield tag='008'>960910s1907    nyu           000 0 eng  </controlfield><controlfield tag='009'>1934556</controlfield><datafield ind1=' ' ind2=' ' tag='010'><subfield code='a'>   08034225 </subfield></datafield><datafield ind1=' ' ind2=' ' tag='035'><subfield code='a'>(OCoLC)427545505</subfield></datafield><datafield ind1=' ' ind2=' ' tag='035'><subfield code='a'>(OCoLC)ocn427545505</subfield></datafield><datafield ind1=' ' ind2=' ' tag='035'><subfield code='9'>AMD1835CU</subfield></datafield><datafield ind1=' ' ind2=' ' tag='035'><subfield code='a'>(NNC)1934556</subfield></datafield><datafield ind1=' ' ind2=' ' tag='035'><subfield code='a'>1934556</subfield></datafield><datafield ind1=' ' ind2=' ' tag='040'><subfield code='a'>DLC</subfield><subfield code='c'>UPRA</subfield></datafield><datafield ind1=' ' ind2='0' tag='050'><subfield code='a'>LA128</subfield><subfield code='b'>.C69</subfield></datafield><datafield ind1='1' ind2=' ' tag='100'><subfield code='a'>Cole, Percival R.</subfield><subfield code='q'>(Percival Richard),</subfield><subfield code='d'>1879-1948.</subfield><subfield code='0'>http://id.loc.gov/authorities/names/no99089110</subfield></datafield><datafield ind1='1' ind2='0' tag='245'><subfield code='a'>Herbart and Froebel :</subfield><subfield code='b'>an attempt at synthesis ...</subfield></datafield><datafield ind1=' ' ind2=' ' tag='260'><subfield code='a'>New York,</subfield><subfield code='c'>1907.</subfield></datafield><datafield ind1=' ' ind2=' ' tag='300'><subfield code='a'>116 pages, 1 leaf ;</subfield><subfield code='c'>23 cm</subfield></datafield><datafield ind1=' ' ind2=' ' tag='336'><subfield code='a'>text</subfield><subfield code='b'>txt</subfield><subfield code='2'>rdacontent</subfield></datafield><datafield ind1=' ' ind2=' ' tag='337'><subfield code='a'>unmediated</subfield><subfield code='b'>n</subfield><subfield code='2'>rdamedia</subfield></datafield><datafield ind1=' ' ind2=' ' tag='502'><subfield code='a'>Thesis (Ph.D.)--Columbia university.</subfield></datafield><datafield ind1=' ' ind2=' ' tag='500'><subfield code='a'>Vita.</subfield></datafield><datafield ind1=' ' ind2=' ' tag='500'><subfield code='a'>Pub. also as Columbia university contributions to education. Teachers college series. no. 14</subfield></datafield><datafield ind1='1' ind2='0' tag='600'><subfield code='a'>Fröbel, Friedrich,</subfield><subfield code='d'>1782-1852.</subfield><subfield code='0'>http://id.loc.gov/authorities/names/n50027096</subfield></datafield><datafield ind1='1' ind2='0' tag='600'><subfield code='a'>Herbart, Johann Friedrich,</subfield><subfield code='d'>1776-1841.</subfield><subfield code='0'>http://id.loc.gov/authorities/names/n50038121</subfield></datafield><datafield ind1='8' ind2='0' tag='852'><subfield code='h'>378.7CXO C672</subfield><subfield code='0'>3451115</subfield><subfield code='b'>scsbcul</subfield></datafield><datafield ind1=' ' ind2=' ' tag='876'><subfield code='0'>3451115</subfield><subfield code='a'>5181058</subfield><subfield code='h'> </subfield><subfield code='j'>Available</subfield><subfield code='p'>CU56100930</subfield><subfield code='t'>1</subfield><subfield code='x'>Open</subfield><subfield code='z'>CU</subfield><subfield code='l'>RECAP</subfield></datafield></record>