
<record><leader>00000nam  2200241u  4500</leader><controlfield tag='001'>SCSB-7770975</controlfield><controlfield tag='003'>OCoLC</controlfield><controlfield tag='005'>19971013110156.0</controlfield><controlfield tag='008'>860115s1897    enka     b    000 0 eng dnamK  </controlfield><controlfield tag='009'>.b133654011</controlfield><datafield ind1='1' ind2=' ' tag='100'><subfield code='a'>Heerwart, Eleonore Luise,</subfield><subfield code='d'>1835-</subfield></datafield><datafield ind1='1' ind2='0' tag='600'><subfield code='a'>Fröbel, Friedrich,</subfield><subfield code='d'>1782-1852.</subfield></datafield><datafield ind1=' ' ind2='0' tag='650'><subfield code='a'>Kindergarten.</subfield></datafield><datafield ind1=' ' ind2=' ' tag='504'><subfield code='a'>Bibliography: p. 106-109.</subfield></datafield><datafield ind1=' ' ind2=' ' tag='260'><subfield code='a'>London,</subfield><subfield code='b'>Charles &amp; Dible</subfield><subfield code='c'>[c1897]</subfield></datafield><datafield ind1=' ' ind2=' ' tag='300'><subfield code='a'>112, xxxiii p.</subfield><subfield code='b'>illus.</subfield></datafield><datafield ind1='1' ind2='0' tag='245'><subfield code='a'>Froebel&apos;s theory and practice:</subfield><subfield code='b'>containing Froebel&apos;s four chief principles of education and an explanation of the kindergarten gifts and occupations.</subfield></datafield><datafield ind1=' ' ind2=' ' tag='040'><subfield code='a'>CFI</subfield><subfield code='c'>CFI</subfield><subfield code='d'>NYP</subfield></datafield><datafield ind1=' ' ind2=' ' tag='049'><subfield code='a'>NYPG</subfield></datafield><datafield ind1=' ' ind2=' ' tag='946'><subfield code='a'>r</subfield></datafield><datafield ind1=' ' ind2=' ' tag='997'><subfield code='a'>hg</subfield><subfield code='b'>10-14-97</subfield><subfield code='c'>m</subfield><subfield code='d'>a</subfield><subfield code='e'>-</subfield><subfield code='f'>eng</subfield><subfield code='g'>enk</subfield><subfield code='h'>0</subfield></datafield><datafield ind1=' ' ind2=' ' tag='910'><subfield code='a'>RL</subfield></datafield><datafield ind1='0' ind2='0' tag='907'><subfield code='a'>.b133654011</subfield></datafield><datafield ind1=' ' ind2=' ' tag='035'><subfield code='a'>(OCoLC)13021944</subfield></datafield><datafield ind1='8' ind2=' ' tag='852'><subfield code='h'>SSD (Heerwart, E. L. Froebel&apos;s theory &amp; practice)</subfield><subfield code='0'>7907402</subfield><subfield code='b'>scsbnypl</subfield></datafield><datafield ind1=' ' ind2=' ' tag='876'><subfield code='0'>7907402</subfield><subfield code='a'>12969892</subfield><subfield code='h'>In Library Use</subfield><subfield code='j'>Available</subfield><subfield code='p'>33433100407141</subfield><subfield code='t'>1</subfield><subfield code='x'>Shared</subfield><subfield code='z'>NA</subfield><subfield code='l'>RECAP</subfield></datafield></record>