
<record><leader>01695nam a22004094a 4500</leader><controlfield tag='001'>SCSB-6500534</controlfield><controlfield tag='003'>OCoLC</controlfield><controlfield tag='005'>20090422143546.0</controlfield><controlfield tag='008'>050805s2004    le       b    000 0 ara  </controlfield><controlfield tag='009'>.b180336484</controlfield><datafield ind1=' ' ind2=' ' tag='010'><subfield code='a'>2004636550</subfield></datafield><datafield ind1=' ' ind2=' ' tag='040'><subfield code='a'>DLC-R</subfield><subfield code='c'>DLC</subfield><subfield code='d'>NYP</subfield></datafield><datafield ind1=' ' ind2=' ' tag='042'><subfield code='a'>lcode</subfield></datafield><datafield ind1=' ' ind2=' ' tag='043'><subfield code='a'>a-le---</subfield></datafield><datafield ind1=' ' ind2=' ' tag='049'><subfield code='a'>NYPP</subfield></datafield><datafield ind1='0' ind2='0' tag='050'><subfield code='a'>JQ1828.A98</subfield><subfield code='b'>S485 2004</subfield></datafield><datafield ind1=' ' ind2=' ' tag='066'><subfield code='c'>(3</subfield></datafield><datafield ind1='1' ind2=' ' tag='100'><subfield code='6'>880-01</subfield><subfield code='a'>Nimr, Nasīb.</subfield></datafield><datafield ind1='1' ind2='3' tag='245'><subfield code='6'>880-02</subfield><subfield code='a'>al-Rafīq al-ṣaghīr yatadhakkar :</subfield><subfield code='b'>intiqād bi-lā ʻadāʼ, wa-taʼyīd bi-lā tabaʻīyah : al-tārīkh al-sirrī lil-Ḥizb al-Shuyūʻī al-Lubnānī /</subfield><subfield code='c'>Nasīb Nimr.</subfield></datafield><datafield ind1=' ' ind2=' ' tag='250'><subfield code='6'>880-03</subfield><subfield code='a'>al-Ṭabʻah 1.</subfield></datafield><datafield ind1=' ' ind2=' ' tag='260'><subfield code='6'>880-04</subfield><subfield code='a'>Bayrūt :</subfield><subfield code='b'>Manshūrāt al-Sharārah,</subfield><subfield code='c'>2004.</subfield></datafield><datafield ind1=' ' ind2=' ' tag='300'><subfield code='a'>239 p. ;</subfield><subfield code='c'>24 cm.</subfield></datafield><datafield ind1='0' ind2=' ' tag='490'><subfield code='6'>880-05</subfield><subfield code='a'>al-Aʻmāl bi-al-ijmāl ;</subfield><subfield code='v'>1</subfield></datafield><datafield ind1=' ' ind2=' ' tag='504'><subfield code='a'>Includes bibliographical references.</subfield></datafield><datafield ind1=' ' ind2=' ' tag='546'><subfield code='a'>In Arabic.</subfield></datafield><datafield ind1='2' ind2='0' tag='610'><subfield code='a'>Ḥizb al-Shuyūʻī al-Lubnānī</subfield><subfield code='x'>History.</subfield></datafield><datafield ind1=' ' ind2='0' tag='650'><subfield code='a'>Communism</subfield><subfield code='z'>Lebanon</subfield><subfield code='x'>History.</subfield></datafield><datafield ind1='1' ind2=' ' tag='800'><subfield code='a'>Nimr, Nasīb.</subfield><subfield code='t'>Works ;</subfield><subfield code='v'>1.</subfield></datafield><datafield ind1='1' ind2=' ' tag='880'><subfield code='6'>100-01/(3/r</subfield><subfield code='a'>نمر, نسيب.</subfield></datafield><datafield ind1='1' ind2='2' tag='880'><subfield code='6'>245-02/(3/r</subfield><subfield code='a'>الرفيق الصغير يتذكر ،</subfield><subfield code='b'>انتقاد بلا عداء, وتاييد بلا تبعية ، التاريخ السري للحزب الشيوعي اللبناني /</subfield><subfield code='c'>نسيب نمر.</subfield></datafield><datafield ind1=' ' ind2=' ' tag='880'><subfield code='6'>250-03/(3/r</subfield><subfield code='a'>الطبعة 1.</subfield></datafield><datafield ind1=' ' ind2=' ' tag='880'><subfield code='6'>260-04/(3/r</subfield><subfield code='a'>بيروت ،</subfield><subfield code='b'>منشورات الشرارة,</subfield><subfield code='c'>2004.</subfield></datafield><datafield ind1='0' ind2=' ' tag='880'><subfield code='6'>490-05/(3/r</subfield><subfield code='a'>الاعمال بالاجمال ؛</subfield><subfield code='v'>1</subfield></datafield><datafield ind1=' ' ind2=' ' tag='907'><subfield code='a'>.b180336484</subfield><subfield code='c'>m</subfield><subfield code='d'>a</subfield><subfield code='e'>-</subfield><subfield code='f'>ara</subfield><subfield code='g'>le</subfield><subfield code='h'>3</subfield><subfield code='i'>1</subfield></datafield><datafield ind1=' ' ind2=' ' tag='035'><subfield code='a'>(OCoLC)71254570</subfield></datafield><datafield ind1='8' ind2=' ' tag='852'><subfield code='h'>ReCAP 09-18078</subfield><subfield code='0'>6573787</subfield><subfield code='b'>scsbnypl</subfield></datafield><datafield ind1=' ' ind2=' ' tag='876'><subfield code='0'>6573787</subfield><subfield code='a'>10579011</subfield><subfield code='j'>Available</subfield><subfield code='p'>33433085865958</subfield><subfield code='t'>1</subfield><subfield code='x'>Shared</subfield><subfield code='z'>NA</subfield><subfield code='l'>RECAP</subfield></datafield></record>