
<record><leader>00000aam a2200265 a 4500</leader><controlfield tag='001'>SCSB-12629488</controlfield><controlfield tag='005'>20051031160709.0</controlfield><controlfield tag='008'>050207s2004    le       b    000 0 arard</controlfield><controlfield tag='009'>990094714310203941</controlfield><datafield ind1=' ' ind2=' ' tag='020'><subfield code='a'>2745142070</subfield></datafield><datafield ind1=' ' ind2=' ' tag='035'><subfield code='a'>(OCoLC)57585226</subfield></datafield><datafield ind1=' ' ind2=' ' tag='040'><subfield code='a'>UIU</subfield><subfield code='c'>UIU</subfield><subfield code='d'>OCLCQ</subfield><subfield code='d'>WAU</subfield></datafield><datafield ind1=' ' ind2='4' tag='050'><subfield code='a'>BP130.4</subfield><subfield code='b'>.S517 2004</subfield></datafield><datafield ind1=' ' ind2=' ' tag='090'><subfield code='a'>BP130.4</subfield><subfield code='b'>.S517 2004</subfield></datafield><datafield ind1='1' ind2=' ' tag='100'><subfield code='a'>Shirbīnī, Muḥammad ibn Aḥmad,</subfield><subfield code='d'>-1570</subfield></datafield><datafield ind1='1' ind2='0' tag='245'><subfield code='a'>Tafsīr al-Khaṭīb al-Shirbīnī :</subfield><subfield code='b'>al-musammá al-Sirāj al-munīr fī al-iʻānah ʻalá maʻrifat baʻḍ maʻānī kalām Rabbinā al-Ḥakīm al-Khabīr /</subfield><subfield code='c'>taʼlīf Muḥammad ibn Aḥmad al-Khaṭīb al-Shirbīnī al-Miṣrī ; kharraja āyātahu wa-aḥādīthahu wa-ʻallaqa ḥawāshiyahu Ibrāhīm Shams al-Dīn.</subfield></datafield><datafield ind1='1' ind2='3' tag='246'><subfield code='a'>Sirāj al-munīr fī al-iʻānah ʻalá maʻrifat baʻḍ maʻānī kalām Rabbinā al-Ḥakīm al-Khabīr</subfield></datafield><datafield ind1='3' ind2='0' tag='246'><subfield code='6'>880-02</subfield><subfield code='a'>Sirāj al-munīr fī al-iʻānah ʻalá maʻrifat baʻḍ maʻānī kalām rabbinā al-ḥakīm al-khabīr</subfield></datafield><datafield ind1=' ' ind2=' ' tag='250'><subfield code='a'>al-Ṭabʻah 1.</subfield></datafield><datafield ind1=' ' ind2=' ' tag='260'><subfield code='a'>Bayrūt :</subfield><subfield code='b'>Dār al-Kutub al-ʻIlmīyah,</subfield><subfield code='c'>2004.</subfield></datafield><datafield ind1=' ' ind2=' ' tag='300'><subfield code='a'>4 v. ;</subfield><subfield code='c'>25 cm.</subfield></datafield><datafield ind1=' ' ind2=' ' tag='504'><subfield code='a'>Includes bibliographical references.</subfield></datafield><datafield ind1='0' ind2='0' tag='505'><subfield code='a'>al-Juzʼ 1.</subfield><subfield code='t'>Min awwal sūrat al-Fātiḥah ilá ākhir sūrat al-Tawbah --</subfield><subfield code='g'>al-juzʼ 2.</subfield><subfield code='t'>Min awwal sūrat Yūnus ilá ākhir sūrat al-Nūr --</subfield><subfield code='g'>al-juzʼ 3.</subfield><subfield code='t'>Min awwal sūrat al-Furqān ilá ākhir sūrat al-Aḥqāf --</subfield><subfield code='g'>al-juzʼ 4.</subfield><subfield code='t'>Min awwal sūrat Muḥammad ilá ākhir sūrat al-Nās.</subfield></datafield><datafield ind1='0' ind2='0' tag='630'><subfield code='a'>Qurʼan</subfield><subfield code='v'>Commentaries</subfield><subfield code='v'>Early works to 1800.</subfield></datafield><datafield ind1=' ' ind2='7' tag='655'><subfield code='a'>Criticism, interpretation, etc.</subfield><subfield code='2'>fast</subfield><subfield code='0'>(OCoLC)fst01411635</subfield></datafield><datafield ind1='1' ind2=' ' tag='700'><subfield code='a'>Shams al-Dīn, Ibrāhīm</subfield></datafield><datafield ind1=' ' ind2=' ' tag='752'><subfield code='a'>Lebanon</subfield><subfield code='d'>Beirut.</subfield></datafield><datafield ind1=' ' ind2='0' tag='966'><subfield code='8'>0</subfield><subfield code='a'>4 v.</subfield><subfield code='8'>222088600070003941</subfield></datafield><datafield ind1=' ' ind2=' ' tag='901'><subfield code='a'>ed38f723-7a1b-4612-8ec7-f9b99360bfe2</subfield><subfield code='b'>17</subfield><subfield code='c'>false</subfield></datafield><datafield ind1='0' ind2=' ' tag='852'><subfield code='c'>HD</subfield><subfield code='h'>BP130.4</subfield><subfield code='i'>.S517 2004</subfield><subfield code='0'>13472819</subfield><subfield code='b'>scsbhl</subfield></datafield><datafield ind1=' ' ind2=' ' tag='876'><subfield code='0'>13472819</subfield><subfield code='3'>v.1</subfield><subfield code='a'>19290509</subfield><subfield code='h'> </subfield><subfield code='j'>Available</subfield><subfield code='k'>WID</subfield><subfield code='p'>HXU4AP</subfield><subfield code='x'>Open</subfield><subfield code='z'>HW</subfield><subfield code='l'>HD</subfield></datafield><datafield ind1=' ' ind2=' ' tag='876'><subfield code='0'>13472819</subfield><subfield code='3'>v.2</subfield><subfield code='a'>19290510</subfield><subfield code='h'> </subfield><subfield code='j'>Available</subfield><subfield code='k'>WID</subfield><subfield code='p'>HXU49B</subfield><subfield code='x'>Open</subfield><subfield code='z'>HW</subfield><subfield code='l'>HD</subfield></datafield><datafield ind1=' ' ind2=' ' tag='876'><subfield code='0'>13472819</subfield><subfield code='3'>v.3</subfield><subfield code='a'>19290511</subfield><subfield code='h'> </subfield><subfield code='j'>Available</subfield><subfield code='k'>WID</subfield><subfield code='p'>HXU4A1</subfield><subfield code='x'>Open</subfield><subfield code='z'>HW</subfield><subfield code='l'>HD</subfield></datafield><datafield ind1=' ' ind2=' ' tag='876'><subfield code='0'>13472819</subfield><subfield code='3'>v.4</subfield><subfield code='a'>19290512</subfield><subfield code='h'> </subfield><subfield code='j'>Available</subfield><subfield code='k'>WID</subfield><subfield code='p'>HXU4AQ</subfield><subfield code='x'>Open</subfield><subfield code='z'>HW</subfield><subfield code='l'>HD</subfield></datafield></record>