
<record><leader>01567cam a2200385Ia 4500</leader><controlfield tag='001'>SCSB-9162996</controlfield><controlfield tag='003'>NNC</controlfield><controlfield tag='005'>20230126154826.0</controlfield><controlfield tag='008'>840329t19831983nyub          000 0 eng d</controlfield><controlfield tag='009'>13428617</controlfield><datafield ind1=' ' ind2=' ' tag='020'><subfield code='a'>0960396624</subfield></datafield><datafield ind1=' ' ind2=' ' tag='020'><subfield code='a'>9780960396627</subfield></datafield><datafield ind1=' ' ind2=' ' tag='035'><subfield code='a'>(OCoLC)ocm10572877</subfield></datafield><datafield ind1=' ' ind2=' ' tag='035'><subfield code='a'>(OCoLC)10572877</subfield></datafield><datafield ind1=' ' ind2=' ' tag='035'><subfield code='a'>(NNC)13428617</subfield></datafield><datafield ind1=' ' ind2=' ' tag='035'><subfield code='a'>13428617</subfield></datafield><datafield ind1=' ' ind2=' ' tag='040'><subfield code='a'>YSM</subfield><subfield code='b'>eng</subfield><subfield code='c'>YSM</subfield><subfield code='d'>OCL</subfield><subfield code='d'>YDXCP</subfield><subfield code='d'>OCLCQ</subfield><subfield code='d'>OCLCF</subfield><subfield code='d'>ZQP</subfield><subfield code='d'>OCLCQ</subfield></datafield><datafield ind1=' ' ind2=' ' tag='043'><subfield code='a'>n-us-ny</subfield></datafield><datafield ind1=' ' ind2='4' tag='050'><subfield code='a'>F127.S9</subfield><subfield code='b'>P27 1983</subfield></datafield><datafield ind1='1' ind2=' ' tag='100'><subfield code='a'>Paul, Lawrence G.</subfield></datafield><datafield ind1='1' ind2='4' tag='245'><subfield code='a'>The pine barrens of Ronkonkoma :</subfield><subfield code='b'>a trail walker guide for the hiker to the Long Island pine barrens /</subfield><subfield code='c'>by Lawrence G. Paul.</subfield></datafield><datafield ind1=' ' ind2=' ' tag='260'><subfield code='a'>[New York] :</subfield><subfield code='b'>New York-New Jersey Trail Conference,</subfield><subfield code='c'>[1983], ©1983.</subfield></datafield><datafield ind1=' ' ind2=' ' tag='300'><subfield code='a'>ii, 18 pages :</subfield><subfield code='b'>maps ;</subfield><subfield code='c'>21 cm</subfield></datafield><datafield ind1=' ' ind2=' ' tag='336'><subfield code='a'>text</subfield><subfield code='b'>txt</subfield><subfield code='2'>rdacontent</subfield></datafield><datafield ind1=' ' ind2=' ' tag='337'><subfield code='a'>unmediated</subfield><subfield code='b'>n</subfield><subfield code='2'>rdamedia</subfield></datafield><datafield ind1=' ' ind2=' ' tag='338'><subfield code='a'>volume</subfield><subfield code='b'>nc</subfield><subfield code='2'>rdacarrier</subfield></datafield><datafield ind1=' ' ind2=' ' tag='500'><subfield code='a'>A trail walker guide of the New York-New Jersey Trail Conference.</subfield></datafield><datafield ind1=' ' ind2='0' tag='651'><subfield code='a'>Suffolk County (N.Y.)</subfield><subfield code='v'>Guidebooks.</subfield></datafield><datafield ind1=' ' ind2='0' tag='650'><subfield code='a'>Hiking</subfield><subfield code='z'>New York (State)</subfield><subfield code='z'>Suffolk County.</subfield></datafield><datafield ind1=' ' ind2='7' tag='650'><subfield code='a'>Hiking.</subfield><subfield code='2'>fast</subfield><subfield code='0'>(OCoLC)fst00956758</subfield></datafield><datafield ind1=' ' ind2='7' tag='651'><subfield code='a'>New York (State)</subfield><subfield code='z'>Suffolk County.</subfield><subfield code='2'>fast</subfield><subfield code='0'>(OCoLC)fst01207260</subfield></datafield><datafield ind1=' ' ind2='7' tag='655'><subfield code='a'>Guidebooks.</subfield><subfield code='2'>fast</subfield><subfield code='0'>(OCoLC)fst01423871</subfield></datafield><datafield ind1='2' ind2=' ' tag='710'><subfield code='a'>New York-New Jersey Trail Conference.</subfield><subfield code='0'>http://id.loc.gov/authorities/names/n50011275</subfield></datafield><datafield ind1='0' ind2='8' tag='776'><subfield code='i'>Online version:</subfield><subfield code='a'>Paul, Lawrence G.</subfield><subfield code='t'>Pine barrens of Ronkonkoma.</subfield><subfield code='d'>[New York] : New York-New Jersey Trail Conference, ©1983</subfield><subfield code='w'>(OCoLC)700354207</subfield></datafield><datafield ind1='0' ind2='0' tag='852'><subfield code='h'>F127.S9 P27 1983g</subfield><subfield code='0'>9444704</subfield><subfield code='b'>scsbcul</subfield></datafield><datafield ind1=' ' ind2=' ' tag='876'><subfield code='0'>9444704</subfield><subfield code='a'>15118527</subfield><subfield code='h'> </subfield><subfield code='j'>Available</subfield><subfield code='p'>CU90787820</subfield><subfield code='t'>1</subfield><subfield code='x'>Shared</subfield><subfield code='z'>CU</subfield><subfield code='l'>RECAP</subfield></datafield></record>