
<record><leader>00529nam a2200169u  4500</leader><controlfield tag='001'>SCSB-11944307</controlfield><controlfield tag='005'>20020606093309.7</controlfield><controlfield tag='008'>930312s1903    enk           000 0 eng d</controlfield><controlfield tag='009'>990028981180203941</controlfield><datafield ind1=' ' ind2=' ' tag='035'><subfield code='a'>(OCoLC)84062213</subfield></datafield><datafield ind1=' ' ind2=' ' tag='040'><subfield code='a'>HLS</subfield><subfield code='c'>HLS</subfield></datafield><datafield ind1='0' ind2='4' tag='245'><subfield code='a'>The Bookman.</subfield><subfield code='b'>Shakespeare double number. Oct., 1903.</subfield></datafield><datafield ind1=' ' ind2=' ' tag='260'><subfield code='a'>London,</subfield><subfield code='b'>Hodder &amp; Stoughton,</subfield><subfield code='c'>[1903]</subfield></datafield><datafield ind1=' ' ind2=' ' tag='300'><subfield code='b'>Ports., and other illustr.</subfield><subfield code='c'>fol.</subfield></datafield><datafield ind1=' ' ind2=' ' tag='500'><subfield code='a'>Cover serves as title-page.</subfield></datafield><datafield ind1='1' ind2='0' tag='600'><subfield code='a'>Shakespeare, William,</subfield><subfield code='d'>1564-1616</subfield></datafield><datafield ind1='0' ind2='8' tag='776'><subfield code='i'>Online version:</subfield><subfield code='t'>Bookman.</subfield><subfield code='d'>London, Hodder &amp; Stoughton, [1903]</subfield><subfield code='w'>(OCoLC)894093471</subfield></datafield><datafield ind1='1' ind2=' ' tag='583'><subfield code='a'>committed to retain</subfield><subfield code='c'>20181001</subfield><subfield code='d'>in perpetuity</subfield><subfield code='f'>ReCAP Shared Collection</subfield><subfield code='5'>HUL</subfield><subfield code='8'>221858663910003941</subfield></datafield><datafield ind1='7' ind2=' ' tag='852'><subfield code='2'>ZHCL</subfield><subfield code='c'>HD</subfield><subfield code='h'>12453.14</subfield><subfield code='m'>F</subfield><subfield code='0'>12768047</subfield><subfield code='b'>scsbhl</subfield></datafield><datafield ind1=' ' ind2=' ' tag='876'><subfield code='0'>12768047</subfield><subfield code='a'>18557826</subfield><subfield code='h'> </subfield><subfield code='j'>Available</subfield><subfield code='k'>WID</subfield><subfield code='p'>HNPWQU</subfield><subfield code='x'>Shared</subfield><subfield code='z'>HW</subfield><subfield code='l'>HD</subfield></datafield></record>