
<record><leader>00000cam a2200613Ia 4500</leader><controlfield tag='001'>SCSB-12558439</controlfield><controlfield tag='005'>20130903175955.0</controlfield><controlfield tag='008'>120501s2012    enk           000 1 eng d</controlfield><controlfield tag='009'>990137573860203941</controlfield><datafield ind1=' ' ind2=' ' tag='020'><subfield code='a'>9780857662996 (pbk.)</subfield></datafield><datafield ind1=' ' ind2=' ' tag='020'><subfield code='a'>0857662996</subfield></datafield><datafield ind1=' ' ind2=' ' tag='035'><subfield code='a'>(OCoLC)793220358</subfield></datafield><datafield ind1=' ' ind2=' ' tag='040'><subfield code='a'>BTCTA</subfield><subfield code='b'>eng</subfield><subfield code='c'>BTCTA</subfield><subfield code='d'>BDX</subfield><subfield code='d'>YDXCP</subfield><subfield code='d'>GL4</subfield><subfield code='d'>HQC</subfield><subfield code='d'>KLG</subfield></datafield><datafield ind1=' ' ind2=' ' tag='043'><subfield code='a'>e-uk-en</subfield><subfield code='a'>e-fr---</subfield></datafield><datafield ind1=' ' ind2='4' tag='050'><subfield code='a'>PR9510.9.T53</subfield><subfield code='b'>B66 2012</subfield></datafield><datafield ind1=' ' ind2=' ' tag='090'><subfield code='a'>PR9510.9.T53</subfield><subfield code='b'>B66 2012</subfield></datafield><datafield ind1='1' ind2=' ' tag='100'><subfield code='a'>Tidhar, Lavie.</subfield></datafield><datafield ind1='1' ind2='4' tag='245'><subfield code='a'>The Bookman histories /</subfield><subfield code='c'>Lavie Tidhar.</subfield></datafield><datafield ind1=' ' ind2=' ' tag='250'><subfield code='a'>Omnibus [ed.].</subfield></datafield><datafield ind1=' ' ind2=' ' tag='260'><subfield code='a'>Nottingham, UK ;</subfield><subfield code='a'>New York :</subfield><subfield code='b'>Angry Robot,</subfield><subfield code='c'>2012.</subfield></datafield><datafield ind1=' ' ind2=' ' tag='300'><subfield code='a'>1022 p. ;</subfield><subfield code='c'>20 cm.</subfield></datafield><datafield ind1='0' ind2=' ' tag='505'><subfield code='a'>The Bookman -- Camera obscura -- The great game.</subfield></datafield><datafield ind1=' ' ind2=' ' tag='520'><subfield code='a'>The Bookman. When his girlfriend is killed in a terrorist attack commited by the sinister Bookman, the young poet Orphan&apos;s quest to uncover the truth takes him from the hidden catacombs of London on the brink of revolution to the mysterious island that may hold the secret to the origin of not only the shadowy Bookman, but of Orphan himself.</subfield></datafield><datafield ind1=' ' ind2=' ' tag='520'><subfield code='a'>Camera obscura. A murder inside a locked and bolted room starts Lady De Winter, one of the Quiet Council&apos;s most valuable agents, on an adventure to the highest and lowest parts of Paris and beyond.</subfield></datafield><datafield ind1=' ' ind2=' ' tag='520'><subfield code='a'>The great game. When Mycroft Holmes is murdered, it is up to retired shadow detective Smith to track down his killer, leading him to stumble onto the greatest conspiracy of his life. Young Lucy Westerna, Holmes&apos; protégé, must follow her own path to the truth, while on the other side of the world, a young Harry Houdini must face his greatest feat of escape -- death itself. As their paths converge the body count mounts up, the entire world is under threat, and in a foreboding castle in the mountains of Transylvania a mysterious old man weaves a spider&apos;s web of secrets and lies.</subfield></datafield><datafield ind1=' ' ind2='0' tag='650'><subfield code='a'>Terrorists</subfield><subfield code='v'>Fiction</subfield></datafield><datafield ind1=' ' ind2='0' tag='650'><subfield code='a'>Extraterrestrial beings</subfield><subfield code='v'>Fiction.</subfield></datafield><datafield ind1=' ' ind2='0' tag='650'><subfield code='a'>Terrorism</subfield><subfield code='z'>England</subfield><subfield code='z'>London</subfield><subfield code='v'>Fiction.</subfield></datafield><datafield ind1=' ' ind2='0' tag='650'><subfield code='a'>Private investigators</subfield><subfield code='z'>France</subfield><subfield code='z'>Paris</subfield><subfield code='v'>Fiction.</subfield></datafield><datafield ind1=' ' ind2='0' tag='650'><subfield code='a'>Homicide</subfield><subfield code='z'>France</subfield><subfield code='z'>Paris</subfield><subfield code='v'>Fiction.</subfield></datafield><datafield ind1=' ' ind2='0' tag='650'><subfield code='a'>Murder</subfield><subfield code='x'>Investigation</subfield><subfield code='v'>Fiction</subfield></datafield><datafield ind1=' ' ind2='0' tag='650'><subfield code='a'>Assassins</subfield><subfield code='v'>Fiction</subfield></datafield><datafield ind1=' ' ind2='0' tag='650'><subfield code='a'>Conspiracies</subfield><subfield code='v'>Fiction</subfield></datafield><datafield ind1=' ' ind2='0' tag='651'><subfield code='a'>London (England)</subfield><subfield code='v'>Fiction.</subfield></datafield><datafield ind1=' ' ind2='0' tag='651'><subfield code='a'>Paris (France)</subfield><subfield code='v'>Fiction.</subfield></datafield><datafield ind1=' ' ind2='0' tag='655'><subfield code='a'>Steampunk fiction</subfield></datafield><datafield ind1=' ' ind2='7' tag='655'><subfield code='a'>Adventure fiction</subfield><subfield code='2'>gsafd</subfield></datafield><datafield ind1=' ' ind2='0' tag='655'><subfield code='a'>Science fiction</subfield></datafield><datafield ind1=' ' ind2='0' tag='655'><subfield code='a'>Fantasy fiction.</subfield></datafield><datafield ind1=' ' ind2='0' tag='655'><subfield code='a'>Alternative histories (Fiction)</subfield></datafield><datafield ind1=' ' ind2='7' tag='655'><subfield code='a'>Science fiction</subfield><subfield code='2'>gsafd</subfield></datafield><datafield ind1=' ' ind2='7' tag='655'><subfield code='a'>Fantasy fiction</subfield><subfield code='2'>gsafd</subfield></datafield><datafield ind1=' ' ind2='7' tag='655'><subfield code='a'>Alternative histories (Fiction)</subfield><subfield code='2'>gsafd</subfield></datafield><datafield ind1=' ' ind2='7' tag='655'><subfield code='a'>Steampunk fiction</subfield><subfield code='2'>lcgft</subfield></datafield><datafield ind1=' ' ind2='7' tag='655'><subfield code='a'>Fantasy fiction</subfield><subfield code='2'>lcgft</subfield></datafield><datafield ind1=' ' ind2='7' tag='655'><subfield code='a'>Alternative histories (Fiction)</subfield><subfield code='2'>lcgft</subfield></datafield><datafield ind1=' ' ind2='7' tag='655'><subfield code='a'>Science fiction</subfield><subfield code='2'>lcgft</subfield></datafield><datafield ind1='0' ind2='2' tag='740'><subfield code='a'>Bookman.</subfield></datafield><datafield ind1='0' ind2='2' tag='740'><subfield code='a'>Camera obscura.</subfield></datafield><datafield ind1='0' ind2='2' tag='740'><subfield code='a'>Great game.</subfield></datafield><datafield ind1='1' ind2=' ' tag='583'><subfield code='a'>committed to retain</subfield><subfield code='c'>20181001</subfield><subfield code='d'>in perpetuity</subfield><subfield code='f'>ReCAP Shared Collection</subfield><subfield code='5'>HUL</subfield><subfield code='8'>222155064340003941</subfield></datafield><datafield ind1='0' ind2=' ' tag='852'><subfield code='c'>HD</subfield><subfield code='h'>PR9510.9.T53</subfield><subfield code='i'>B66 2012</subfield><subfield code='0'>13399788</subfield><subfield code='b'>scsbhl</subfield></datafield><datafield ind1=' ' ind2=' ' tag='876'><subfield code='0'>13399788</subfield><subfield code='a'>19214321</subfield><subfield code='h'> </subfield><subfield code='j'>Available</subfield><subfield code='k'>WID</subfield><subfield code='p'>32044119660777</subfield><subfield code='x'>Shared</subfield><subfield code='z'>HW</subfield><subfield code='l'>HD</subfield></datafield></record>