
<record><leader>00847nam a22002658a 4500</leader><controlfield tag='001'>SCSB-11913452</controlfield><controlfield tag='005'>20020606163548.3</controlfield><controlfield tag='008'>950511s1995    onca     b    00000beng c</controlfield><controlfield tag='009'>990060356410203941</controlfield><datafield ind1=' ' ind2=' ' tag='010'><subfield code='a'>cn^95931571^</subfield></datafield><datafield ind1=' ' ind2=' ' tag='015'><subfield code='a'>C95-931571-3</subfield></datafield><datafield ind1=' ' ind2=' ' tag='020'><subfield code='a'>1896032664</subfield></datafield><datafield ind1=' ' ind2=' ' tag='035'><subfield code='a'>(OCoLC)32742898</subfield></datafield><datafield ind1=' ' ind2=' ' tag='040'><subfield code='a'>CaOTU</subfield><subfield code='b'>eng</subfield><subfield code='c'>CaOTU</subfield></datafield><datafield ind1='1' ind2='4' tag='050'><subfield code='a'>PS3537.T246</subfield><subfield code='b'>Z8 1995</subfield></datafield><datafield ind1='0' ind2=' ' tag='082'><subfield code='a'>818/.5209</subfield><subfield code='2'>20</subfield></datafield><datafield ind1='1' ind2=' ' tag='100'><subfield code='a'>Ruber, Peter A.,</subfield><subfield code='d'>1940</subfield></datafield><datafield ind1='1' ind2='4' tag='245'><subfield code='a'>The last bookman /</subfield><subfield code='c'>by Peter Ruber.</subfield></datafield><datafield ind1=' ' ind2=' ' tag='250'><subfield code='a'>Rev. &amp; enl. ed.</subfield></datafield><datafield ind1=' ' ind2=' ' tag='260'><subfield code='a'>Toronto :</subfield><subfield code='b'>Metropolitan Toronto Reference Library,</subfield><subfield code='c'>1995.</subfield></datafield><datafield ind1=' ' ind2=' ' tag='300'><subfield code='a'>172 p. :</subfield><subfield code='b'>ill. ;</subfield><subfield code='c'>22 cm.</subfield></datafield><datafield ind1='1' ind2=' ' tag='490'><subfield code='a'>The Vincent Starrett Memorial Library ;</subfield><subfield code='v'>v. 3</subfield></datafield><datafield ind1=' ' ind2=' ' tag='504'><subfield code='a'>Includes bibliographical references.</subfield></datafield><datafield ind1='1' ind2='0' tag='600'><subfield code='a'>Starrett, Vincent,</subfield><subfield code='d'>1886-1974</subfield></datafield><datafield ind1=' ' ind2='0' tag='650'><subfield code='a'>Authors, American</subfield><subfield code='y'>20th century</subfield><subfield code='v'>Biography</subfield></datafield><datafield ind1=' ' ind2='7' tag='648'><subfield code='a'>1900-1999</subfield><subfield code='2'>fast</subfield></datafield><datafield ind1=' ' ind2='7' tag='655'><subfield code='a'>Biographies</subfield><subfield code='2'>fast</subfield><subfield code='0'>(OCoLC)fst01919896</subfield></datafield><datafield ind1='2' ind2=' ' tag='710'><subfield code='a'>Metropolitan Toronto Reference Library.</subfield></datafield><datafield ind1=' ' ind2='4' tag='830'><subfield code='a'>The Vincent Starrett Memorial Library ;</subfield><subfield code='v'>v. 3.</subfield></datafield><datafield ind1='1' ind2=' ' tag='583'><subfield code='a'>committed to retain</subfield><subfield code='c'>20181001</subfield><subfield code='d'>in perpetuity</subfield><subfield code='f'>ReCAP Shared Collection</subfield><subfield code='5'>HUL</subfield><subfield code='8'>221964920630003941</subfield></datafield><datafield ind1='0' ind2=' ' tag='852'><subfield code='c'>HD</subfield><subfield code='0'>12736272</subfield><subfield code='b'>scsbhl</subfield></datafield><datafield ind1=' ' ind2=' ' tag='876'><subfield code='0'>12736272</subfield><subfield code='a'>18524680</subfield><subfield code='h'> </subfield><subfield code='j'>Available</subfield><subfield code='k'>WID</subfield><subfield code='p'>HWX9WJ</subfield><subfield code='x'>Shared</subfield><subfield code='z'>HW</subfield><subfield code='l'>HD</subfield></datafield></record>