
<record><leader>00000cam a2200325 a 4500</leader><controlfield tag='001'>SCSB-12382986</controlfield><controlfield tag='005'>20080521161036.0</controlfield><controlfield tag='008'>051111s2005    enk           000 0 eng  </controlfield><controlfield tag='009'>990099917000203941</controlfield><datafield ind1=' ' ind2=' ' tag='015'><subfield code='a'>GBA510071</subfield><subfield code='2'>bnb</subfield></datafield><datafield ind1='7' ind2=' ' tag='016'><subfield code='a'>013100659</subfield><subfield code='2'>Uk</subfield></datafield><datafield ind1=' ' ind2=' ' tag='020'><subfield code='a'>1903988128 (pbk.)</subfield></datafield><datafield ind1=' ' ind2=' ' tag='020'><subfield code='a'>9781903988121 (pbk.)</subfield></datafield><datafield ind1=' ' ind2=' ' tag='035'><subfield code='a'>(OCoLC)62306427</subfield></datafield><datafield ind1=' ' ind2=' ' tag='040'><subfield code='a'>UKM</subfield><subfield code='c'>UKM</subfield><subfield code='d'>YDXCP</subfield></datafield><datafield ind1=' ' ind2=' ' tag='042'><subfield code='a'>ukscp</subfield></datafield><datafield ind1='1' ind2='4' tag='050'><subfield code='a'>Z278</subfield><subfield code='b'>.A43 2005</subfield></datafield><datafield ind1='0' ind2='4' tag='082'><subfield code='a'>828.91408</subfield><subfield code='2'>22</subfield></datafield><datafield ind1='1' ind2=' ' tag='100'><subfield code='a'>Allen, Michael Derek,</subfield><subfield code='d'>1939-</subfield></datafield><datafield ind1='1' ind2='0' tag='245'><subfield code='a'>Grumpy old bookman :</subfield><subfield code='b'>essays &amp; criticism /</subfield><subfield code='c'>Michael Allen.</subfield></datafield><datafield ind1=' ' ind2=' ' tag='260'><subfield code='a'>Bradford on Avon :</subfield><subfield code='b'>Kingsfield,</subfield><subfield code='c'>2005.</subfield></datafield><datafield ind1=' ' ind2=' ' tag='300'><subfield code='a'>302 p. ;</subfield><subfield code='c'>22 cm.</subfield></datafield><datafield ind1='1' ind2='0' tag='600'><subfield code='a'>Allen, Michael Derek,</subfield><subfield code='d'>1939-</subfield><subfield code='v'>Weblogs.</subfield></datafield><datafield ind1=' ' ind2='0' tag='650'><subfield code='a'>Book industries and trade</subfield><subfield code='v'>Weblogs.</subfield></datafield><datafield ind1=' ' ind2='0' tag='650'><subfield code='a'>Books</subfield><subfield code='v'>Reviews</subfield></datafield><datafield ind1=' ' ind2='7' tag='655'><subfield code='a'>blogs.</subfield><subfield code='2'>aat</subfield></datafield><datafield ind1=' ' ind2='7' tag='655'><subfield code='a'>reviews (documents)</subfield><subfield code='2'>aat</subfield></datafield><datafield ind1=' ' ind2='7' tag='655'><subfield code='a'>Blogs</subfield><subfield code='2'>fast</subfield><subfield code='0'>(OCoLC)fst01692825</subfield></datafield><datafield ind1=' ' ind2='7' tag='655'><subfield code='a'>Reviews</subfield><subfield code='2'>fast</subfield><subfield code='0'>(OCoLC)fst01423760</subfield></datafield><datafield ind1=' ' ind2='7' tag='655'><subfield code='a'>Blogs</subfield><subfield code='2'>lcgft</subfield></datafield><datafield ind1=' ' ind2='7' tag='655'><subfield code='a'>Reviews</subfield><subfield code='2'>lcgft</subfield></datafield><datafield ind1=' ' ind2='7' tag='655'><subfield code='a'>Blogues.</subfield><subfield code='2'>rvmgf</subfield></datafield><datafield ind1=' ' ind2='7' tag='655'><subfield code='a'>Comptes rendus.</subfield><subfield code='2'>rvmgf</subfield></datafield><datafield ind1='1' ind2=' ' tag='583'><subfield code='a'>committed to retain</subfield><subfield code='c'>20181001</subfield><subfield code='d'>in perpetuity</subfield><subfield code='f'>ReCAP Shared Collection</subfield><subfield code='5'>HUL</subfield><subfield code='8'>222109945720003941</subfield></datafield><datafield ind1='0' ind2=' ' tag='852'><subfield code='c'>HD</subfield><subfield code='h'>Z278</subfield><subfield code='i'>.A43 2005</subfield><subfield code='0'>13219336</subfield><subfield code='b'>scsbhl</subfield></datafield><datafield ind1=' ' ind2=' ' tag='876'><subfield code='0'>13219336</subfield><subfield code='a'>19026432</subfield><subfield code='h'> </subfield><subfield code='j'>Available</subfield><subfield code='k'>WID</subfield><subfield code='p'>32044105976393</subfield><subfield code='x'>Shared</subfield><subfield code='z'>HW</subfield><subfield code='l'>HD</subfield></datafield></record>