
<record><leader>00000nam  2200289I  4500</leader><controlfield tag='001'>SCSB-9839488</controlfield><controlfield tag='003'>OCoLC</controlfield><controlfield tag='005'>20000731121622.1</controlfield><controlfield tag='007'>hd bfb---baca</controlfield><controlfield tag='008'>930319s1929    nyu     a     000 0 eng dnamI  </controlfield><controlfield tag='009'>.b147488059</controlfield><datafield ind1='1' ind2=' ' tag='100'><subfield code='a'>Lydenberg, Harry Miller,</subfield><subfield code='d'>1874-1960.</subfield></datafield><datafield ind1='1' ind2='4' tag='600'><subfield code='a'>Freidus, Abraham Solomon,</subfield><subfield code='d'>1867-1923.</subfield></datafield><datafield ind1=' ' ind2=' ' tag='010'><subfield code='a'>nuc87605201</subfield></datafield><datafield ind1=' ' ind2=' ' tag='500'><subfield code='a'>Cover-title.</subfield></datafield><datafield ind1=' ' ind2=' ' tag='500'><subfield code='a'>&quot;Reprinted from the A.S. Freidus memorial volume.&quot;</subfield></datafield><datafield ind1=' ' ind2=' ' tag='500'><subfield code='a'>Printed in Austria.</subfield></datafield><datafield ind1=' ' ind2=' ' tag='533'><subfield code='a'>Microfilm.</subfield><subfield code='b'>New York:</subfield><subfield code='c'>New York Public Library,</subfield><subfield code='d'>[197-].</subfield><subfield code='e'>1 microfilm reel ; 35 mm.</subfield><subfield code='n'>(MN *ZZ-16578)</subfield></datafield><datafield ind1=' ' ind2=' ' tag='260'><subfield code='a'>New York,</subfield><subfield code='c'>1929.</subfield></datafield><datafield ind1=' ' ind2=' ' tag='300'><subfield code='a'>xlv-xlix p.</subfield><subfield code='c'>8vo.</subfield></datafield><datafield ind1='1' ind2='0' tag='245'><subfield code='a'>Freidus, the bookman</subfield><subfield code='h'>[microform],</subfield><subfield code='c'>by Harry M. Lydenberg ...</subfield></datafield><datafield ind1=' ' ind2=' ' tag='040'><subfield code='a'>NN</subfield><subfield code='c'>RQM</subfield><subfield code='d'>NYP</subfield><subfield code='d'>WaOLN</subfield></datafield><datafield ind1=' ' ind2=' ' tag='049'><subfield code='a'>NYPJ</subfield></datafield><datafield ind1=' ' ind2=' ' tag='946'><subfield code='a'>r</subfield></datafield><datafield ind1=' ' ind2=' ' tag='997'><subfield code='a'>hj</subfield><subfield code='b'>08-01-00</subfield><subfield code='c'>m</subfield><subfield code='d'>a</subfield><subfield code='e'>-</subfield><subfield code='f'>eng</subfield><subfield code='g'>nyu</subfield><subfield code='h'>0</subfield></datafield><datafield ind1=' ' ind2=' ' tag='910'><subfield code='a'>RL</subfield></datafield><datafield ind1='0' ind2='0' tag='907'><subfield code='a'>.b147488059</subfield></datafield><datafield ind1=' ' ind2=' ' tag='035'><subfield code='a'>(OCoLC)27766919</subfield></datafield><datafield ind1='8' ind2=' ' tag='852'><subfield code='h'>*ZP-*PBM p.v. 161-166 [Microfilm]</subfield><subfield code='0'>16444212</subfield><subfield code='b'>scsbnypl</subfield></datafield><datafield ind1=' ' ind2=' ' tag='876'><subfield code='0'>16444212</subfield><subfield code='a'>23208316</subfield><subfield code='h'>In Library Use</subfield><subfield code='j'>Available</subfield><subfield code='p'>33433075396717</subfield><subfield code='t'>1</subfield><subfield code='x'>Shared</subfield><subfield code='z'>NA</subfield><subfield code='l'>RECAP</subfield></datafield></record>