
<record><leader>00000cam  2200289 a 4500</leader><controlfield tag='001'>SCSB-8513385</controlfield><controlfield tag='005'>19990221181400.1</controlfield><controlfield tag='008'>900425s1990    nyu           001 0 eng  cam a </controlfield><controlfield tag='009'>.b113902189</controlfield><datafield ind1='1' ind2=' ' tag='100'><subfield code='a'>Bookman, Harvey.</subfield></datafield><datafield ind1=' ' ind2='0' tag='650'><subfield code='a'>COBOL II (Computer program language)</subfield></datafield><datafield ind1=' ' ind2='0' tag='650'><subfield code='a'>Business</subfield><subfield code='x'>Data processing.</subfield></datafield><datafield ind1=' ' ind2=' ' tag='020'><subfield code='a'>0070065330</subfield></datafield><datafield ind1=' ' ind2=' ' tag='010'><subfield code='a'>90005406</subfield></datafield><datafield ind1=' ' ind2=' ' tag='500'><subfield code='a'>Includes index.</subfield></datafield><datafield ind1=' ' ind2=' ' tag='260'><subfield code='a'>New York :</subfield><subfield code='b'>McGraw-Hill,</subfield><subfield code='c'>c1990.</subfield></datafield><datafield ind1=' ' ind2=' ' tag='300'><subfield code='a'>xx, 297 p. ;</subfield><subfield code='c'>24 cm.</subfield></datafield><datafield ind1=' ' ind2='0' tag='440'><subfield code='a'>J. Ranade IBM series</subfield></datafield><datafield ind1='1' ind2='0' tag='245'><subfield code='a'>COBOL II/</subfield><subfield code='c'>Harvey Bookman.</subfield></datafield><datafield ind1='0' ind2=' ' tag='740'><subfield code='a'>COBOL two.</subfield></datafield><datafield ind1='0' ind2=' ' tag='740'><subfield code='a'>COBOL 2.</subfield></datafield><datafield ind1=' ' ind2=' ' tag='040'><subfield code='a'>DLC</subfield><subfield code='c'>DLC</subfield><subfield code='d'>DLC</subfield><subfield code='d'>WaOLN</subfield></datafield><datafield ind1='0' ind2='0' tag='050'><subfield code='a'>QA76.73.C252</subfield><subfield code='b'>B66 1990</subfield></datafield><datafield ind1='0' ind2='0' tag='908'><subfield code='a'>QA76.73.C252</subfield><subfield code='b'>B66 1990</subfield></datafield><datafield ind1='0' ind2='0' tag='082'><subfield code='a'>650/.028/55133</subfield><subfield code='2'>20</subfield></datafield><datafield ind1=' ' ind2=' ' tag='997'><subfield code='a'>b</subfield><subfield code='b'>07-31-99</subfield><subfield code='c'>m</subfield><subfield code='d'>a</subfield><subfield code='e'>-</subfield><subfield code='f'>eng</subfield><subfield code='g'>nyu</subfield><subfield code='h'>0</subfield></datafield><datafield ind1=' ' ind2=' ' tag='991'><subfield code='y'>20934836</subfield></datafield><datafield ind1=' ' ind2=' ' tag='910'><subfield code='a'>RL</subfield></datafield><datafield ind1='0' ind2='0' tag='907'><subfield code='a'>.b113902189</subfield></datafield><datafield ind1=' ' ind2=' ' tag='035'><subfield code='a'>(OCoLC)20934836</subfield></datafield><datafield ind1='8' ind2=' ' tag='852'><subfield code='h'>JSE 91-900</subfield><subfield code='0'>8670409</subfield><subfield code='b'>scsbnypl</subfield></datafield><datafield ind1=' ' ind2=' ' tag='876'><subfield code='0'>8670409</subfield><subfield code='a'>14169913</subfield><subfield code='j'>Available</subfield><subfield code='p'>33433037596289</subfield><subfield code='t'>1</subfield><subfield code='x'>Shared</subfield><subfield code='z'>NA</subfield><subfield code='l'>RECAP</subfield></datafield></record>