
<record><leader>00784nam a2200265 a 4500</leader><controlfield tag='001'>SCSB-10333036</controlfield><controlfield tag='005'>20020606090541.3</controlfield><controlfield tag='008'>891004s1988    fr ac    b    00010dfre d</controlfield><controlfield tag='009'>990016396400203941</controlfield><datafield ind1=' ' ind2=' ' tag='020'><subfield code='a'>2226034617</subfield></datafield><datafield ind1=' ' ind2=' ' tag='035'><subfield code='a'>(OCoLC)222126040</subfield><subfield code='z'>(OCoLC)1159988660</subfield></datafield><datafield ind1=' ' ind2=' ' tag='040'><subfield code='a'>ICA</subfield><subfield code='c'>ICA</subfield><subfield code='d'>MH-FA</subfield></datafield><datafield ind1='1' ind2=' ' tag='041'><subfield code='a'>fre</subfield><subfield code='h'>spa</subfield></datafield><datafield ind1=' ' ind2=' ' tag='043'><subfield code='a'>e-cs---</subfield></datafield><datafield ind1=' ' ind2='4' tag='050'><subfield code='a'>N6834.5.K8</subfield></datafield><datafield ind1='1' ind2=' ' tag='100'><subfield code='a'>Fauchereau, Serge.</subfield></datafield><datafield ind1='0' ind2='0' tag='245'><subfield code='a'>Kupka /</subfield><subfield code='c'>Serge Fauchereau.</subfield></datafield><datafield ind1=' ' ind2=' ' tag='260'><subfield code='a'>Paris :</subfield><subfield code='b'>Éditions Albin Michel,</subfield><subfield code='c'>1988.</subfield></datafield><datafield ind1=' ' ind2=' ' tag='300'><subfield code='a'>128 p. :</subfield><subfield code='b'>ill. (some col.), port. ;</subfield><subfield code='c'>31 cm.</subfield></datafield><datafield ind1=' ' ind2=' ' tag='500'><subfield code='a'>Translated from the Spanish.</subfield></datafield><datafield ind1=' ' ind2=' ' tag='500'><subfield code='a'>&quot;Les Grands maîtres de l&apos;art contemporain&quot;--Jacket.</subfield></datafield><datafield ind1=' ' ind2=' ' tag='504'><subfield code='a'>Bibliography: p. 31.</subfield></datafield><datafield ind1='1' ind2='0' tag='600'><subfield code='a'>Kupka, František,</subfield><subfield code='d'>1871-1957</subfield></datafield><datafield ind1=' ' ind2='0' tag='650'><subfield code='a'>Painters</subfield><subfield code='z'>Czechoslovakia.</subfield></datafield><datafield ind1='1' ind2=' ' tag='700'><subfield code='a'>Kupka, František,</subfield><subfield code='d'>1871-1957</subfield></datafield><datafield ind1='1' ind2=' ' tag='583'><subfield code='a'>committed to retain</subfield><subfield code='c'>20181001</subfield><subfield code='d'>in perpetuity</subfield><subfield code='f'>ReCAP Shared Collection</subfield><subfield code='5'>HUL</subfield><subfield code='8'>221811162280003941</subfield></datafield><datafield ind1='7' ind2=' ' tag='852'><subfield code='2'>ZHCL</subfield><subfield code='c'>HD</subfield><subfield code='h'>FA4193.605.45</subfield><subfield code='0'>11102124</subfield><subfield code='b'>scsbhl</subfield></datafield><datafield ind1=' ' ind2=' ' tag='876'><subfield code='0'>11102124</subfield><subfield code='a'>16822316</subfield><subfield code='h'> </subfield><subfield code='j'>Available</subfield><subfield code='k'>FAL</subfield><subfield code='p'>FL4LHP</subfield><subfield code='x'>Shared</subfield><subfield code='z'>FL</subfield><subfield code='l'>HD</subfield></datafield></record>