
<record><leader>00766nam a2200217Ii 4500</leader><controlfield tag='001'>SCSB-10416285</controlfield><controlfield tag='005'>20020606095253.2</controlfield><controlfield tag='008'>770926s1960    fr a          000 0 fre d</controlfield><controlfield tag='009'>990049789730203941</controlfield><datafield ind1=' ' ind2=' ' tag='035'><subfield code='a'>(OCoLC)3296566</subfield></datafield><datafield ind1=' ' ind2=' ' tag='040'><subfield code='a'>GZM</subfield><subfield code='c'>GZM</subfield><subfield code='d'>HFL</subfield></datafield><datafield ind1=' ' ind2='4' tag='050'><subfield code='a'>ND1950.K86</subfield><subfield code='b'>B64</subfield></datafield><datafield ind1='1' ind2=' ' tag='100'><subfield code='a'>Kupka, František,</subfield><subfield code='d'>1871-1957</subfield></datafield><datafield ind1='0' ind2='0' tag='245'><subfield code='a'>Kupka :</subfield><subfield code='b'>gouaches, aquarelles, pastels, [exposition] 24 mai à fin juin 1960, Galerie Karl Flinker /</subfield><subfield code='c'>[texte par Marcel Brion et Guy Habasque]/</subfield></datafield><datafield ind1=' ' ind2=' ' tag='260'><subfield code='a'>Paris :</subfield><subfield code='b'>Galerie Karl Flinker,</subfield><subfield code='c'>1960.</subfield></datafield><datafield ind1=' ' ind2=' ' tag='300'><subfield code='a'>[24] p. :</subfield><subfield code='b'>ill. (some col.) ;</subfield><subfield code='c'>20 cm.</subfield></datafield><datafield ind1='1' ind2='0' tag='600'><subfield code='a'>Kupka, František,</subfield><subfield code='d'>1871-1957</subfield></datafield><datafield ind1='1' ind2=' ' tag='700'><subfield code='a'>Brion, Marcel,</subfield><subfield code='d'>1895-1984</subfield></datafield><datafield ind1='1' ind2=' ' tag='700'><subfield code='a'>Habasque, Guy.</subfield></datafield><datafield ind1='2' ind2=' ' tag='710'><subfield code='a'>Galerie Karl Flinker.</subfield></datafield><datafield ind1='1' ind2=' ' tag='583'><subfield code='a'>committed to retain</subfield><subfield code='c'>20181001</subfield><subfield code='d'>in perpetuity</subfield><subfield code='f'>ReCAP Shared Collection</subfield><subfield code='5'>HUL</subfield><subfield code='8'>221940593120003941</subfield></datafield><datafield ind1='7' ind2=' ' tag='852'><subfield code='2'>ZHCL</subfield><subfield code='c'>HD</subfield><subfield code='h'>FA4193.605</subfield><subfield code='0'>11191438</subfield><subfield code='b'>scsbhl</subfield></datafield><datafield ind1=' ' ind2=' ' tag='876'><subfield code='0'>11191438</subfield><subfield code='a'>16916175</subfield><subfield code='h'> </subfield><subfield code='j'>Available</subfield><subfield code='k'>FAL</subfield><subfield code='p'>FL4LH1</subfield><subfield code='x'>Shared</subfield><subfield code='z'>FL</subfield><subfield code='l'>HD</subfield></datafield></record>