
<record><leader>01111cam a2200313   4500</leader><controlfield tag='001'>SCSB-3456858</controlfield><controlfield tag='003'>NNC</controlfield><controlfield tag='005'>20220609030149.0</controlfield><controlfield tag='008'>740122t19651964nyuac    b    000 0deng  </controlfield><controlfield tag='009'>1923524</controlfield><datafield ind1=' ' ind2=' ' tag='010'><subfield code='a'>   65012091 </subfield></datafield><datafield ind1=' ' ind2=' ' tag='035'><subfield code='a'>(OCoLC)ocm00780796</subfield></datafield><datafield ind1=' ' ind2=' ' tag='035'><subfield code='9'>AMB8905CU</subfield></datafield><datafield ind1=' ' ind2=' ' tag='035'><subfield code='a'>(NNC)1923524</subfield></datafield><datafield ind1=' ' ind2=' ' tag='035'><subfield code='a'>1923524</subfield></datafield><datafield ind1=' ' ind2=' ' tag='040'><subfield code='a'>DLC</subfield><subfield code='c'>MDY</subfield><subfield code='d'>SER</subfield><subfield code='d'>ZCU</subfield></datafield><datafield ind1='1' ind2=' ' tag='041'><subfield code='a'>engfre</subfield></datafield><datafield ind1='0' ind2='0' tag='050'><subfield code='a'>ND1950.K86</subfield><subfield code='b'>C33</subfield></datafield><datafield ind1='0' ind2=' ' tag='082'><subfield code='a'>759.4</subfield></datafield><datafield ind1='1' ind2=' ' tag='100'><subfield code='a'>Kupka, František,</subfield><subfield code='d'>1871-1957.</subfield><subfield code='0'>http://id.loc.gov/authorities/names/n50058441</subfield></datafield><datafield ind1='1' ind2='0' tag='245'><subfield code='a'>Kupka :</subfield><subfield code='b'>gouaches and pastels /</subfield><subfield code='c'>[by] Jean Cassou and Denise Fédit. [Translated from the French by Robert Erich Wolf]</subfield></datafield><datafield ind1=' ' ind2=' ' tag='260'><subfield code='a'>New York :</subfield><subfield code='b'>H.M. Abrams,</subfield><subfield code='c'>[1965, ©1964]</subfield></datafield><datafield ind1=' ' ind2=' ' tag='300'><subfield code='a'>68 pages :</subfield><subfield code='b'>illustrations (part color), portrait ;</subfield><subfield code='c'>21 x 23 cm</subfield></datafield><datafield ind1=' ' ind2=' ' tag='336'><subfield code='a'>text</subfield><subfield code='b'>txt</subfield><subfield code='2'>rdacontent</subfield></datafield><datafield ind1=' ' ind2=' ' tag='337'><subfield code='a'>unmediated</subfield><subfield code='b'>n</subfield><subfield code='2'>rdamedia</subfield></datafield><datafield ind1=' ' ind2=' ' tag='504'><subfield code='a'>Bibliography: p. 66-68.</subfield></datafield><datafield ind1='1' ind2=' ' tag='700'><subfield code='a'>Cassou, Jean,</subfield><subfield code='d'>1897-1986.</subfield><subfield code='0'>http://id.loc.gov/authorities/names/n50034389</subfield></datafield><datafield ind1='1' ind2=' ' tag='700'><subfield code='a'>Fédit, D.</subfield><subfield code='q'>(Denise)</subfield><subfield code='0'>http://id.loc.gov/authorities/names/nr2001006211</subfield></datafield><datafield ind1=' ' ind2=' ' tag='901'><subfield code='a'>6c08a4d0-3633-4b54-b921-7ad8c600ed2e</subfield><subfield code='b'>9</subfield><subfield code='c'>false</subfield></datafield><datafield ind1='8' ind2='0' tag='852'><subfield code='h'>ND529 K96 K96</subfield><subfield code='0'>3442697</subfield><subfield code='b'>scsbcul</subfield></datafield><datafield ind1=' ' ind2=' ' tag='876'><subfield code='0'>3442697</subfield><subfield code='a'>5172093</subfield><subfield code='h'>In Library Use</subfield><subfield code='j'>Available</subfield><subfield code='p'>AR62818406</subfield><subfield code='t'>1</subfield><subfield code='x'>Shared</subfield><subfield code='z'>AR</subfield><subfield code='l'>RECAP</subfield></datafield></record>