
<record><leader>00000cam a2200469 i 4500</leader><controlfield tag='001'>SCSB-14919912</controlfield><controlfield tag='003'>OCoLC</controlfield><controlfield tag='005'>20240923043535.0</controlfield><controlfield tag='008'>140703s1945    enk           000 0ceng dcam i </controlfield><controlfield tag='009'>.b234274712</controlfield><datafield ind1='1' ind2=' ' tag='700'><subfield code='a'>McCarthy, Albert J.,</subfield><subfield code='e'>editor.</subfield></datafield><datafield ind1='1' ind2=' ' tag='700'><subfield code='a'>Jones, Max,</subfield><subfield code='d'>1917-1993,</subfield><subfield code='e'>editor.</subfield></datafield><datafield ind1=' ' ind2='0' tag='650'><subfield code='a'>African American jazz musicians</subfield><subfield code='v'>Biography.</subfield></datafield><datafield ind1=' ' ind2='0' tag='650'><subfield code='a'>Musicians, Black</subfield><subfield code='v'>Biography.</subfield></datafield><datafield ind1=' ' ind2='0' tag='650'><subfield code='a'>Pianists</subfield><subfield code='v'>Biography.</subfield></datafield><datafield ind1=' ' ind2='0' tag='650'><subfield code='a'>Jazz.</subfield></datafield><datafield ind1=' ' ind2='7' tag='650'><subfield code='a'>African American jazz musicians.</subfield><subfield code='2'>fast</subfield><subfield code='0'>(OCoLC)fst00799208</subfield></datafield><datafield ind1=' ' ind2='7' tag='650'><subfield code='a'>Jazz.</subfield><subfield code='2'>fast</subfield><subfield code='0'>(OCoLC)fst00982165</subfield></datafield><datafield ind1=' ' ind2='7' tag='650'><subfield code='a'>Musicians, Black.</subfield><subfield code='2'>fast</subfield><subfield code='0'>(OCoLC)fst01030887</subfield></datafield><datafield ind1=' ' ind2='7' tag='650'><subfield code='a'>Pianists.</subfield><subfield code='2'>fast</subfield><subfield code='0'>(OCoLC)fst01063351</subfield></datafield><datafield ind1=' ' ind2='7' tag='655'><subfield code='a'>Biographies.</subfield><subfield code='2'>fast</subfield><subfield code='0'>(OCoLC)fst01919896</subfield></datafield><datafield ind1=' ' ind2='7' tag='651'><subfield code='a'>United States.</subfield><subfield code='2'>fast</subfield><subfield code='0'>(OCoLC)fst01204155</subfield></datafield><datafield ind1=' ' ind2=' ' tag='500'><subfield code='a'>Biographical sketches of jazz pianists.</subfield></datafield><datafield ind1=' ' ind2=' ' tag='500'><subfield code='a'>Cover title.</subfield></datafield><datafield ind1=' ' ind2=' ' tag='500'><subfield code='a'>Edited by Albert McCarthy and Max Jones.</subfield></datafield><datafield ind1=' ' ind2=' ' tag='500'><subfield code='a'>&quot;Jazz music books.&quot;</subfield></datafield><datafield ind1=' ' ind2='1' tag='264'><subfield code='a'>London :</subfield><subfield code='b'>Jazz Sociological Society,</subfield><subfield code='c'>1945.</subfield></datafield><datafield ind1=' ' ind2=' ' tag='300'><subfield code='a'>2 volumes ;</subfield><subfield code='c'>22 cm</subfield></datafield><datafield ind1=' ' ind2=' ' tag='336'><subfield code='a'>text</subfield><subfield code='b'>txt</subfield><subfield code='2'>rdacontent</subfield></datafield><datafield ind1=' ' ind2=' ' tag='337'><subfield code='a'>unmediated</subfield><subfield code='b'>n</subfield><subfield code='2'>rdamedia</subfield></datafield><datafield ind1=' ' ind2=' ' tag='338'><subfield code='a'>volume</subfield><subfield code='b'>nc</subfield><subfield code='2'>rdacarrier</subfield></datafield><datafield ind1='0' ind2=' ' tag='130'><subfield code='a'>Piano jazz (London, England : 1945)</subfield></datafield><datafield ind1='1' ind2='0' tag='245'><subfield code='a'>Piano jazz.</subfield></datafield><datafield ind1=' ' ind2=' ' tag='040'><subfield code='a'>YUS</subfield><subfield code='b'>eng</subfield><subfield code='e'>rda</subfield><subfield code='c'>YUS</subfield><subfield code='d'>OCLCO</subfield><subfield code='d'>OCLCF</subfield><subfield code='d'>OCLCQ</subfield><subfield code='d'>OCL</subfield><subfield code='d'>OCLCQ</subfield><subfield code='d'>OCLCO</subfield><subfield code='d'>OCLCL</subfield><subfield code='d'>NTE</subfield><subfield code='d'>OCLCO</subfield><subfield code='d'>OCLCQ</subfield><subfield code='d'>NYP</subfield></datafield><datafield ind1=' ' ind2=' ' tag='049'><subfield code='a'>NYPP</subfield></datafield><datafield ind1=' ' ind2=' ' tag='901'><subfield code='a'>MARS</subfield></datafield><datafield ind1=' ' ind2=' ' tag='901'><subfield code='a'>ssk</subfield><subfield code='b'>CATRL</subfield></datafield><datafield ind1=' ' ind2=' ' tag='910'><subfield code='a'>RL</subfield></datafield><datafield ind1='0' ind2='0' tag='907'><subfield code='a'>.b234274712</subfield></datafield><datafield ind1=' ' ind2=' ' tag='035'><subfield code='a'>(OCoLC)883720677</subfield></datafield><datafield ind1='8' ind2=' ' tag='852'><subfield code='h'>JOK 24-4 no. 1-2</subfield><subfield code='0'>15962510</subfield><subfield code='b'>scsbnypl</subfield></datafield><datafield ind1=' ' ind2=' ' tag='866'><subfield code='a'>no. 1-2</subfield><subfield code='0'>15962510</subfield></datafield><datafield ind1=' ' ind2=' ' tag='876'><subfield code='0'>15962510</subfield><subfield code='3'>no. 1-2</subfield><subfield code='a'>22648916</subfield><subfield code='h'>Supervised Use</subfield><subfield code='j'>Available</subfield><subfield code='p'>33433134793532</subfield><subfield code='t'>1</subfield><subfield code='x'>Shared</subfield><subfield code='z'>NA</subfield><subfield code='l'>RECAP</subfield></datafield></record>