
<record><leader>00000cam  2200349 i 4500</leader><controlfield tag='001'>SCSB-9175127</controlfield><controlfield tag='003'>Fr-PaAMA</controlfield><controlfield tag='005'>20180514.0</controlfield><controlfield tag='008'>180514s2018    fr       b    001 0 fre dcam i </controlfield><controlfield tag='009'>.b215755042</controlfield><datafield ind1='1' ind2=' ' tag='100'><subfield code='a'>Leymarie, Isabelle,</subfield><subfield code='e'>author.</subfield></datafield><datafield ind1=' ' ind2=' ' tag='650'><subfield code='a'>Piano music (Jazz)</subfield><subfield code='x'>History and criticism.</subfield></datafield><datafield ind1=' ' ind2='0' tag='650'><subfield code='a'>Jazz</subfield><subfield code='x'>History and criticism.</subfield></datafield><datafield ind1=' ' ind2=' ' tag='020'><subfield code='a'>9782352841784 (pbk.) :</subfield><subfield code='c'>24,90 EUR</subfield></datafield><datafield ind1=' ' ind2=' ' tag='504'><subfield code='a'>Includes bibliographical references (pages 557-567) and index.</subfield></datafield><datafield ind1='0' ind2='0' tag='505'><subfield code='t'>Le ragtime --</subfield><subfield code='t'>Jelly Roll Morton et les autres précurseurs néo-orléanais du piano jazz --</subfield><subfield code='t'>Le blues --</subfield><subfield code='t'>Le boogie-wbogie --</subfield><subfield code='t'>Le stride --</subfield><subfield code='t'>D&apos;autres pionniers du piano jazz --</subfield><subfield code='t'>Duke Ellington --</subfield><subfield code='t'>Earl Hines --</subfield><subfield code='t'>Count Basie --</subfield><subfield code='t'>Teddy Wilson --</subfield><subfield code='t'>Art Tatum --</subfield><subfield code='t'>Mary Lou Williams --</subfield><subfield code='t'>D&apos;autres pianistes de l&apos;ère swing --</subfield><subfield code='t'>Nat &quot;King&quot; Cole, George Shearing, Erroll Garner, Ellis Larkins et Dave McKenna --</subfield><subfield code='t'>Thelonious Monk, Bud Powell et d&apos;autres pionniers du bebop --</subfield><subfield code='t'>Le cool jazz et le Third Stream --</subfield><subfield code='t'>Le hard bop --</subfield><subfield code='t'>Dans le sillage du bebop --</subfield><subfield code='t'>Quelques maîtres à part --</subfield><subfield code='t'>Électrons libres --</subfield><subfield code='t'>Bill Evans et Denny Zeitlin --</subfield><subfield code='t'>Le soul jazz, le funk, le smooth jazz, la fusion et le &quot;New Orleans groove&quot; --</subfield><subfield code='t'>McCoy Tyner --</subfield><subfield code='t'>Herbie Hancock, Chick Corea, Keith Jarrett --</subfield><subfield code='t'>Le free et le progressive jazz --</subfield><subfield code='t'>Les pianistes de Memphis --</subfield><subfield code='t'>Quelques nouvelles voix --</subfield><subfield code='t'>L&apos;Amérique latine et les Caraïbes --</subfield><subfield code='t'>L&apos;Europe --</subfield><subfield code='t'>Le Moyen-Orient et l&apos;Afrique --</subfield><subfield code='t'>L&apos;Asie, l&apos;océan Indien et le Pacifique --</subfield><subfield code='t'>Les pianistes et leur art --</subfield><subfield code='t'>Appendice : Souvenirs inédits du batteur Joe LaBarbera à propos de Bill Evans.</subfield></datafield><datafield ind1=' ' ind2='1' tag='264'><subfield code='a'>[Clichy] :</subfield><subfield code='b'>Éditions du Jasmin,</subfield><subfield code='c'>[2018?]</subfield></datafield><datafield ind1=' ' ind2=' ' tag='300'><subfield code='a'>618 pages ;</subfield><subfield code='c'>22 cm</subfield></datafield><datafield ind1=' ' ind2=' ' tag='336'><subfield code='a'>text</subfield><subfield code='b'>txt</subfield><subfield code='2'>rdacontent</subfield></datafield><datafield ind1=' ' ind2=' ' tag='337'><subfield code='a'>unmediated</subfield><subfield code='b'>n</subfield><subfield code='2'>rdamedia</subfield></datafield><datafield ind1=' ' ind2=' ' tag='338'><subfield code='a'>volume</subfield><subfield code='b'>nc</subfield><subfield code='2'>rdacarrier</subfield></datafield><datafield ind1='1' ind2='0' tag='245'><subfield code='a'>Piano jazz :</subfield><subfield code='b'>une histoire /</subfield><subfield code='c'>Isabelle Leymarie.</subfield></datafield><datafield ind1=' ' ind2=' ' tag='040'><subfield code='a'>Fr-PaAMA</subfield><subfield code='b'>eng</subfield><subfield code='e'>rda</subfield></datafield><datafield ind1=' ' ind2='4' tag='050'><subfield code='a'>ML3506</subfield><subfield code='b'>.L515 2018</subfield></datafield><datafield ind1=' ' ind2=' ' tag='901'><subfield code='a'>jjd</subfield><subfield code='b'>CATRL/jjd</subfield></datafield><datafield ind1=' ' ind2='4' tag='908'><subfield code='a'>ML3506</subfield><subfield code='b'>.L515 2018</subfield></datafield><datafield ind1=' ' ind2=' ' tag='901'><subfield code='a'>AUXAM</subfield></datafield><datafield ind1=' ' ind2=' ' tag='910'><subfield code='a'>RL</subfield></datafield><datafield ind1='0' ind2='0' tag='907'><subfield code='a'>.b215755042</subfield></datafield><datafield ind1=' ' ind2=' ' tag='035'><subfield code='a'>(OCoLC)1023551325</subfield></datafield><datafield ind1='8' ind2=' ' tag='852'><subfield code='h'>ReCAP 18-17262</subfield><subfield code='0'>9461438</subfield><subfield code='b'>scsbnypl</subfield></datafield><datafield ind1=' ' ind2=' ' tag='876'><subfield code='0'>9461438</subfield><subfield code='a'>15139846</subfield><subfield code='j'>Available</subfield><subfield code='p'>33433122964012</subfield><subfield code='t'>1</subfield><subfield code='x'>Shared</subfield><subfield code='z'>NA</subfield><subfield code='l'>RECAP</subfield></datafield></record>