
<record><leader>00000cam a2200289 a 4500</leader><controlfield tag='001'>SCSB-10480567</controlfield><controlfield tag='005'>20061218175257.0</controlfield><controlfield tag='008'>821202m19669999cau      b    000 0 eng  </controlfield><controlfield tag='009'>990094389920203941</controlfield><datafield ind1=' ' ind2=' ' tag='010'><subfield code='a'>^^^82226839^</subfield></datafield><datafield ind1=' ' ind2=' ' tag='035'><subfield code='a'>(OCoLC)9082175</subfield></datafield><datafield ind1=' ' ind2=' ' tag='040'><subfield code='a'>DLC</subfield><subfield code='c'>DLC</subfield><subfield code='d'>OCLCQ</subfield><subfield code='d'>HMU</subfield></datafield><datafield ind1=' ' ind2=' ' tag='043'><subfield code='a'>n-us---</subfield></datafield><datafield ind1='0' ind2=' ' tag='050'><subfield code='a'>ML156.7.A4</subfield><subfield code='b'>J4 1966</subfield></datafield><datafield ind1='0' ind2='0' tag='245'><subfield code='a'>Jazz Discographies Unlimited presents Modern jazz piano :</subfield><subfield code='b'>Joe Albany, Gene Di Novi, Al Haig, Argonne Thornton (Sadik Hakim) /</subfield><subfield code='c'>edited by Ernie Edwards, Jr., George I. Hall, and Bill Korst.</subfield></datafield><datafield ind1=' ' ind2=' ' tag='260'><subfield code='a'>[Whittier, Calif.] :</subfield><subfield code='b'>ErnGeoBil Publications,</subfield><subfield code='c'>[1966?-]</subfield></datafield><datafield ind1=' ' ind2=' ' tag='300'><subfield code='a'>v. &lt;1&gt; ;</subfield><subfield code='c'>28 cm.</subfield></datafield><datafield ind1='1' ind2=' ' tag='490'><subfield code='a'>Spotlight series ;</subfield><subfield code='v'>v. 5</subfield></datafield><datafield ind1=' ' ind2=' ' tag='500'><subfield code='a'>Cover title.</subfield></datafield><datafield ind1='1' ind2='0' tag='600'><subfield code='a'>Albany, Joe,</subfield><subfield code='d'>1924-</subfield><subfield code='v'>Discography.</subfield></datafield><datafield ind1='1' ind2='0' tag='600'><subfield code='a'>Di Novi, Gene</subfield><subfield code='v'>Discography.</subfield></datafield><datafield ind1='1' ind2='0' tag='600'><subfield code='a'>Haig, Al,</subfield><subfield code='d'>1924-1982</subfield><subfield code='v'>Discography.</subfield></datafield><datafield ind1='1' ind2='0' tag='600'><subfield code='a'>Hakim, Sadik</subfield><subfield code='v'>Discography.</subfield></datafield><datafield ind1=' ' ind2='0' tag='650'><subfield code='a'>Jazz musicians</subfield><subfield code='v'>Discography.</subfield></datafield><datafield ind1=' ' ind2='7' tag='655'><subfield code='a'>Discographies</subfield><subfield code='2'>fast</subfield><subfield code='0'>(OCoLC)fst01423883</subfield></datafield><datafield ind1='1' ind2=' ' tag='700'><subfield code='a'>Edwards, Ernie.</subfield><subfield code='4'>edt</subfield></datafield><datafield ind1='1' ind2=' ' tag='700'><subfield code='a'>Hall, George I.,</subfield><subfield code='d'>1928-2009</subfield><subfield code='4'>edt</subfield></datafield><datafield ind1='1' ind2=' ' tag='700'><subfield code='a'>Korst, William.</subfield><subfield code='4'>edt</subfield></datafield><datafield ind1='0' ind2='1' tag='740'><subfield code='a'>Modern jazz piano.</subfield></datafield><datafield ind1=' ' ind2='0' tag='830'><subfield code='a'>Spotlight series ;</subfield><subfield code='v'>v. 5.</subfield></datafield><datafield ind1='1' ind2=' ' tag='583'><subfield code='a'>committed to retain</subfield><subfield code='c'>20181001</subfield><subfield code='d'>in perpetuity</subfield><subfield code='f'>ReCAP Shared Collection</subfield><subfield code='5'>HUL</subfield><subfield code='8'>222084414830003941</subfield></datafield><datafield ind1=' ' ind2=' ' tag='901'><subfield code='a'>34a32000-9f74-4cc0-a31c-d946ea206e70</subfield><subfield code='b'>13</subfield><subfield code='c'>false</subfield></datafield><datafield ind1='0' ind2=' ' tag='852'><subfield code='c'>HD</subfield><subfield code='h'>ML156.7.A4</subfield><subfield code='i'>J4 1966</subfield><subfield code='0'>11260337</subfield><subfield code='b'>scsbhl</subfield></datafield><datafield ind1=' ' ind2=' ' tag='876'><subfield code='0'>11260337</subfield><subfield code='a'>16989457</subfield><subfield code='h'> </subfield><subfield code='j'>Available</subfield><subfield code='k'>MUS</subfield><subfield code='p'>ML27G9</subfield><subfield code='x'>Shared</subfield><subfield code='z'>ML</subfield><subfield code='l'>HD</subfield></datafield></record>