
<record><leader>00000ctm  2200301Ia 4500</leader><controlfield tag='001'>SCSB-14447750</controlfield><controlfield tag='003'>OCoLC</controlfield><controlfield tag='005'>20070605063205.1</controlfield><controlfield tag='008'>931013s1993    xx g     bm   000 0 eng dctmIa </controlfield><controlfield tag='009'>.b165641356</controlfield><datafield ind1='1' ind2=' ' tag='100'><subfield code='a'>Thompson, Maria.</subfield></datafield><datafield ind1=' ' ind2='0' tag='650'><subfield code='a'>Piano music</subfield><subfield code='z'>United States</subfield><subfield code='x'>History and criticism.</subfield></datafield><datafield ind1=' ' ind2='0' tag='650'><subfield code='a'>Jazz</subfield><subfield code='x'>History and criticism.</subfield></datafield><datafield ind1=' ' ind2=' ' tag='502'><subfield code='a'>Thesis (D.M.A.)--Juilliard School, 1993.</subfield></datafield><datafield ind1=' ' ind2=' ' tag='504'><subfield code='a'>Includes bibliographical references (leaves 146-150).</subfield></datafield><datafield ind1=' ' ind2=' ' tag='260'><subfield code='c'>1993.</subfield></datafield><datafield ind1=' ' ind2=' ' tag='300'><subfield code='a'>150 leaves :</subfield><subfield code='b'>music ;</subfield><subfield code='c'>29 cm.</subfield></datafield><datafield ind1='1' ind2='4' tag='245'><subfield code='a'>The influence of jazz on American classical piano music /</subfield><subfield code='c'>by Maria Thompson.</subfield></datafield><datafield ind1=' ' ind2=' ' tag='040'><subfield code='a'>ZJS</subfield><subfield code='c'>ZJS</subfield><subfield code='d'>OCLCQ</subfield><subfield code='d'>NYP</subfield><subfield code='d'>UtOrBLW</subfield></datafield><datafield ind1=' ' ind2=' ' tag='043'><subfield code='a'>n-us---</subfield></datafield><datafield ind1=' ' ind2=' ' tag='049'><subfield code='a'>NYPP</subfield></datafield><datafield ind1=' ' ind2=' ' tag='901'><subfield code='b'>pm</subfield><subfield code='c'>CMC/SEB</subfield></datafield><datafield ind1=' ' ind2=' ' tag='946'><subfield code='a'>m</subfield></datafield><datafield ind1=' ' ind2=' ' tag='997'><subfield code='a'>pm</subfield><subfield code='b'>06-05-07</subfield><subfield code='c'>m</subfield><subfield code='d'>t</subfield><subfield code='e'>-</subfield><subfield code='f'>eng</subfield><subfield code='g'>xx</subfield><subfield code='h'>4</subfield></datafield><datafield ind1=' ' ind2=' ' tag='910'><subfield code='a'>RL</subfield></datafield><datafield ind1='0' ind2='0' tag='907'><subfield code='a'>.b165641356</subfield></datafield><datafield ind1=' ' ind2=' ' tag='035'><subfield code='a'>(OCoLC)28997551</subfield></datafield><datafield ind1='8' ind2=' ' tag='852'><subfield code='h'>JMF 07-1033</subfield><subfield code='0'>15415340</subfield><subfield code='b'>scsbnypl</subfield></datafield><datafield ind1=' ' ind2=' ' tag='876'><subfield code='0'>15415340</subfield><subfield code='a'>21979882</subfield><subfield code='h'>In Library Use</subfield><subfield code='j'>Available</subfield><subfield code='p'>33433073681920</subfield><subfield code='t'>1</subfield><subfield code='x'>Shared</subfield><subfield code='z'>NA</subfield><subfield code='l'>RECAP</subfield></datafield></record>