
<record><leader>00000ctm  2200373Ia 4500</leader><controlfield tag='001'>SCSB-14458481</controlfield><controlfield tag='003'>OCoLC</controlfield><controlfield tag='005'>20070927112758.2</controlfield><controlfield tag='008'>010313s1978    xx g     bm   000 0 eng dctmIa </controlfield><controlfield tag='009'>.b166826832</controlfield><datafield ind1='1' ind2=' ' tag='100'><subfield code='a'>Posnak, Paul.</subfield></datafield><datafield ind1=' ' ind2='0' tag='650'><subfield code='a'>Piano music (Jazz)</subfield><subfield code='x'>History and criticism.</subfield></datafield><datafield ind1=' ' ind2='0' tag='650'><subfield code='a'>Jazz</subfield><subfield code='x'>History and criticism.</subfield></datafield><datafield ind1=' ' ind2='0' tag='650'><subfield code='a'>Jazz musicians.</subfield></datafield><datafield ind1=' ' ind2='0' tag='650'><subfield code='a'>Ragtime music</subfield><subfield code='x'>History and criticism.</subfield></datafield><datafield ind1=' ' ind2='0' tag='650'><subfield code='a'>Improvisation (Music)</subfield></datafield><datafield ind1=' ' ind2='0' tag='650'><subfield code='a'>Music</subfield><subfield code='x'>Social aspects.</subfield></datafield><datafield ind1=' ' ind2=' ' tag='500'><subfield code='a'>Typescript (photocopy).</subfield></datafield><datafield ind1=' ' ind2=' ' tag='500'><subfield code='a'>Includes accompanying cassette tape featuring performances of representative jazz piano works performed by the author.</subfield></datafield><datafield ind1=' ' ind2=' ' tag='502'><subfield code='a'>Thesis (D.M.A.)--Juilliard School, 1978.</subfield></datafield><datafield ind1=' ' ind2=' ' tag='504'><subfield code='a'>Includes bibliographical references (leaves 107-109).</subfield></datafield><datafield ind1='2' ind2=' ' tag='505'><subfield code='a'>Table of examples -- Introduction -- Ragtime -- New Orleans: the incubator of hot jazz -- &quot;The jazz age&quot; -- The blues and boogie woogie -- Improvising, &quot;jiving,&quot; and surviving -- Concluding remarks -- Appendix [contents of accompanying cassette] -- Bibliography.</subfield></datafield><datafield ind1='1' ind2=' ' tag='590'><subfield code='a'>NYPL copy lacks cassette.</subfield></datafield><datafield ind1=' ' ind2=' ' tag='260'><subfield code='c'>1978.</subfield></datafield><datafield ind1=' ' ind2=' ' tag='300'><subfield code='a'>xiii, 109 leaves :</subfield><subfield code='b'>music ;</subfield><subfield code='c'>29 cm. +</subfield><subfield code='e'>1 sound cassette (analog, 1 7/8 ips, stereo. ; 3 7/8 x 2 1/2 in.)</subfield></datafield><datafield ind1='1' ind2='0' tag='245'><subfield code='a'>Early jazz piano, 1890&apos;s to 1930&apos;s :</subfield><subfield code='b'>a social and musical history : ragtime, stomp, boogie-woogie and stride piano /</subfield><subfield code='c'>by Paul Posnak.</subfield></datafield><datafield ind1=' ' ind2=' ' tag='040'><subfield code='a'>ZJS</subfield><subfield code='c'>ZJS</subfield><subfield code='d'>OCLCQ</subfield><subfield code='d'>NYP</subfield><subfield code='d'>UtOrBLW</subfield></datafield><datafield ind1=' ' ind2=' ' tag='049'><subfield code='a'>NYPP</subfield></datafield><datafield ind1=' ' ind2=' ' tag='901'><subfield code='b'>pm</subfield><subfield code='c'>CMC/GLU</subfield></datafield><datafield ind1=' ' ind2=' ' tag='946'><subfield code='a'>m</subfield></datafield><datafield ind1=' ' ind2=' ' tag='997'><subfield code='a'>pm</subfield><subfield code='b'>09-28-07</subfield><subfield code='c'>m</subfield><subfield code='d'>t</subfield><subfield code='e'>-</subfield><subfield code='f'>eng</subfield><subfield code='g'>xx</subfield><subfield code='h'>0</subfield></datafield><datafield ind1=' ' ind2=' ' tag='910'><subfield code='a'>RL</subfield></datafield><datafield ind1='0' ind2='0' tag='907'><subfield code='a'>.b166826832</subfield></datafield><datafield ind1=' ' ind2=' ' tag='035'><subfield code='a'>(OCoLC)46440111</subfield></datafield><datafield ind1='8' ind2=' ' tag='852'><subfield code='h'>JMF 07-1708</subfield><subfield code='0'>15426648</subfield><subfield code='b'>scsbnypl</subfield></datafield><datafield ind1=' ' ind2=' ' tag='876'><subfield code='0'>15426648</subfield><subfield code='a'>21992783</subfield><subfield code='h'>In Library Use</subfield><subfield code='j'>Available</subfield><subfield code='p'>33433074149026</subfield><subfield code='t'>1</subfield><subfield code='x'>Shared</subfield><subfield code='z'>NA</subfield><subfield code='l'>RECAP</subfield></datafield></record>