
<record><leader>00000cam a2200517Ma 4500</leader><controlfield tag='001'>SCSB-7440512</controlfield><controlfield tag='003'>OCoLC</controlfield><controlfield tag='005'>20181005011304.0</controlfield><controlfield tag='008'>820916r19681853nyu           001 0 eng dcamMa </controlfield><controlfield tag='009'>.b103301586</controlfield><datafield ind1='1' ind2=' ' tag='110'><subfield code='a'>Massachusetts.</subfield></datafield><datafield ind1='1' ind2=' ' tag='700'><subfield code='a'>Shurtleff, Nathaniel B.</subfield><subfield code='q'>(Nathaniel Bradstreet),</subfield><subfield code='d'>1810-1874.</subfield></datafield><datafield ind1='1' ind2=' ' tag='710'><subfield code='a'>Massachusetts.</subfield><subfield code='b'>General Court.</subfield></datafield><datafield ind1='2' ind2=' ' tag='791'><subfield code='a'>New York Genealogical and Biographical Society Collection.</subfield></datafield><datafield ind1=' ' ind2='0' tag='651'><subfield code='a'>Massachusetts</subfield><subfield code='x'>History</subfield><subfield code='y'>Colonial period, ca. 1600-1775</subfield><subfield code='v'>Sources.</subfield></datafield><datafield ind1=' ' ind2='7' tag='651'><subfield code='a'>Massachusetts.</subfield><subfield code='2'>fast</subfield><subfield code='0'>(OCoLC)fst01204307</subfield></datafield><datafield ind1=' ' ind2='7' tag='648'><subfield code='a'>1600-1775</subfield><subfield code='2'>fast</subfield></datafield><datafield ind1=' ' ind2='7' tag='655'><subfield code='a'>History.</subfield><subfield code='2'>fast</subfield><subfield code='0'>(OCoLC)fst01411628</subfield></datafield><datafield ind1=' ' ind2='7' tag='655'><subfield code='a'>Sources.</subfield><subfield code='2'>fast</subfield><subfield code='0'>(OCoLC)fst01423900</subfield></datafield><datafield ind1='1' ind2=' ' tag='541'><subfield code='c'>Gift;</subfield><subfield code='a'>New York Genealogical and Biographical Society;</subfield><subfield code='d'>2008.</subfield><subfield code='3'>(copy in NYGB MASS. G 42.4 M37)</subfield></datafield><datafield ind1=' ' ind2=' ' tag='534'><subfield code='p'>Reprint. Originally published:</subfield><subfield code='c'>Boston : W. White, 1853-1854.</subfield></datafield><datafield ind1=' ' ind2=' ' tag='500'><subfield code='a'>Includes indexes.</subfield></datafield><datafield ind1='0' ind2=' ' tag='505'><subfield code='a'>v. 1. 1628-1641 -- v. 2. 1642-1649 -- v. 3. 1644-1657 -- v. 4,pt. 1. 1650-1660 -- v. 4, pt. 2. 1661-1674 -- v. 5. 1674-1686.</subfield></datafield><datafield ind1=' ' ind2=' ' tag='260'><subfield code='a'>New York :</subfield><subfield code='b'>AMS Press,</subfield><subfield code='c'>1968.</subfield></datafield><datafield ind1=' ' ind2=' ' tag='300'><subfield code='a'>5 volumes in 6 ;</subfield><subfield code='c'>26 cm</subfield></datafield><datafield ind1=' ' ind2=' ' tag='336'><subfield code='a'>text</subfield><subfield code='b'>txt</subfield><subfield code='2'>rdacontent</subfield></datafield><datafield ind1=' ' ind2=' ' tag='337'><subfield code='a'>unmediated</subfield><subfield code='b'>n</subfield><subfield code='2'>rdamedia</subfield></datafield><datafield ind1=' ' ind2=' ' tag='338'><subfield code='a'>volume</subfield><subfield code='b'>nc</subfield><subfield code='2'>rdacarrier</subfield></datafield><datafield ind1='1' ind2='0' tag='245'><subfield code='a'>Records of the Governor and Company of the Massachusetts Bay in New England, printed by order of the legislature /</subfield><subfield code='c'>edited by Nathaniel B. Shurtleff.</subfield></datafield><datafield ind1='0' ind2=' ' tag='799'><subfield code='a'>Gift of New York Genealogical and Biographical Society.</subfield></datafield><datafield ind1='0' ind2='8' tag='776'><subfield code='i'>Online version:</subfield><subfield code='a'>Massachusetts.</subfield><subfield code='t'>Records of the Governor and Company of the Massachusetts Bay in New England, printed by order of the legislature.</subfield><subfield code='d'>New York : AMS Press, 1968</subfield><subfield code='w'>(OCoLC)844598807</subfield></datafield><datafield ind1=' ' ind2=' ' tag='040'><subfield code='a'>PAU</subfield><subfield code='b'>eng</subfield><subfield code='c'>PAU</subfield><subfield code='d'>OCL</subfield><subfield code='d'>OCLCG</subfield><subfield code='d'>OCLCQ</subfield><subfield code='d'>OCLCO</subfield><subfield code='d'>OCLCF</subfield><subfield code='d'>OCLCQ</subfield><subfield code='d'>OCL</subfield><subfield code='d'>OCLCA</subfield><subfield code='d'>OCL</subfield><subfield code='d'>OCLCQ</subfield><subfield code='d'>ERD</subfield><subfield code='d'>OCLCA</subfield><subfield code='d'>NYP</subfield></datafield><datafield ind1=' ' ind2=' ' tag='043'><subfield code='a'>n-us-ma</subfield></datafield><datafield ind1=' ' ind2=' ' tag='049'><subfield code='a'>NYPP</subfield></datafield><datafield ind1=' ' ind2='4' tag='050'><subfield code='a'>F67</subfield><subfield code='b'>.M32 1968</subfield></datafield><datafield ind1='0' ind2='4' tag='082'><subfield code='a'>974.4</subfield></datafield><datafield ind1=' ' ind2=' ' tag='901'><subfield code='a'>MARS</subfield></datafield><datafield ind1=' ' ind2=' ' tag='901'><subfield code='a'>wly</subfield><subfield code='b'>CATRL</subfield></datafield><datafield ind1=' ' ind2='4' tag='908'><subfield code='a'>F67</subfield><subfield code='b'>.M32 1968</subfield></datafield><datafield ind1=' ' ind2=' ' tag='945'><subfield code='a'>.b103301586</subfield></datafield><datafield ind1=' ' ind2=' ' tag='946'><subfield code='a'>m</subfield></datafield><datafield ind1=' ' ind2=' ' tag='991'><subfield code='y'>13598931</subfield></datafield><datafield ind1=' ' ind2=' ' tag='910'><subfield code='a'>RL</subfield></datafield><datafield ind1='0' ind2='0' tag='907'><subfield code='a'>.b103301586</subfield></datafield><datafield ind1=' ' ind2=' ' tag='035'><subfield code='a'>(OCoLC)13598931</subfield></datafield><datafield ind1='8' ind2=' ' tag='852'><subfield code='h'>NYGB MASS. G 42.4 M37 v. 1 (1628-1641)</subfield><subfield code='0'>7541769</subfield><subfield code='b'>scsbnypl</subfield></datafield><datafield ind1=' ' ind2=' ' tag='866'><subfield code='a'>v. 1 (1628-1641)</subfield><subfield code='0'>7541769</subfield></datafield><datafield ind1=' ' ind2=' ' tag='876'><subfield code='0'>7541769</subfield><subfield code='3'>v. 1 (1628-1641)</subfield><subfield code='a'>12344881</subfield><subfield code='h'>In Library Use</subfield><subfield code='j'>Available</subfield><subfield code='p'>33433089010890</subfield><subfield code='t'>1</subfield><subfield code='x'>Shared</subfield><subfield code='z'>NA</subfield><subfield code='l'>RECAP</subfield></datafield><datafield ind1=' ' ind2=' ' tag='876'><subfield code='0'>7541769</subfield><subfield code='3'>v. 2 (1642-1649)</subfield><subfield code='a'>12344882</subfield><subfield code='h'>In Library Use</subfield><subfield code='j'>Available</subfield><subfield code='p'>33433089010908</subfield><subfield code='t'>1</subfield><subfield code='x'>Shared</subfield><subfield code='z'>NA</subfield><subfield code='l'>RECAP</subfield></datafield><datafield ind1=' ' ind2=' ' tag='876'><subfield code='0'>7541769</subfield><subfield code='3'>v. 3 (1644-1657)</subfield><subfield code='a'>12344883</subfield><subfield code='h'>In Library Use</subfield><subfield code='j'>Available</subfield><subfield code='p'>33433089010916</subfield><subfield code='t'>1</subfield><subfield code='x'>Shared</subfield><subfield code='z'>NA</subfield><subfield code='l'>RECAP</subfield></datafield><datafield ind1=' ' ind2=' ' tag='876'><subfield code='0'>7541769</subfield><subfield code='3'>v. 4, pt. 1 (1650-1660)</subfield><subfield code='a'>12344884</subfield><subfield code='h'>In Library Use</subfield><subfield code='j'>Available</subfield><subfield code='p'>33433089010924</subfield><subfield code='t'>1</subfield><subfield code='x'>Shared</subfield><subfield code='z'>NA</subfield><subfield code='l'>RECAP</subfield></datafield><datafield ind1=' ' ind2=' ' tag='876'><subfield code='0'>7541769</subfield><subfield code='3'>v. 4, pt. 2 (1661-1674)</subfield><subfield code='a'>12344885</subfield><subfield code='h'>In Library Use</subfield><subfield code='j'>Available</subfield><subfield code='p'>33433089010932</subfield><subfield code='t'>1</subfield><subfield code='x'>Shared</subfield><subfield code='z'>NA</subfield><subfield code='l'>RECAP</subfield></datafield><datafield ind1=' ' ind2=' ' tag='876'><subfield code='0'>7541769</subfield><subfield code='3'>v. 5 (1674-1686)</subfield><subfield code='a'>12344886</subfield><subfield code='h'>In Library Use</subfield><subfield code='j'>Available</subfield><subfield code='p'>33433089010940</subfield><subfield code='t'>1</subfield><subfield code='x'>Shared</subfield><subfield code='z'>NA</subfield><subfield code='l'>RECAP</subfield></datafield></record>