
<record><leader>02050cam a2200361I  4500</leader><controlfield tag='001'>SCSB-7569343</controlfield><controlfield tag='003'>OCoLC</controlfield><controlfield tag='005'>20000629184413.0</controlfield><controlfield tag='008'>790124s1850    mau           000 0 eng d</controlfield><controlfield tag='009'>.b126889314</controlfield><datafield ind1=' ' ind2=' ' tag='010'><subfield code='a'>05010312</subfield></datafield><datafield ind1=' ' ind2=' ' tag='040'><subfield code='a'>LDL</subfield><subfield code='c'>LDL</subfield><subfield code='d'>LDL</subfield><subfield code='d'>OCL</subfield><subfield code='d'>YSM</subfield><subfield code='d'>NYP</subfield><subfield code='d'>WaOLN</subfield></datafield><datafield ind1=' ' ind2=' ' tag='049'><subfield code='a'>NYPL</subfield></datafield><datafield ind1='0' ind2='0' tag='050'><subfield code='a'>E172</subfield><subfield code='b'>.A3 vol.3</subfield></datafield><datafield ind1='1' ind2='0' tag='245'><subfield code='a'>Records of the Company of the Massachusetts Bay in New England.</subfield><subfield code='b'>From 1628 to 1641. As contained in the first volume of the archives of the commonwealth of Massachusetts.</subfield></datafield><datafield ind1=' ' ind2=' ' tag='260'><subfield code='a'>Cambridge,</subfield><subfield code='b'>Printed by Bollis and Houghton,</subfield><subfield code='c'>1850.</subfield></datafield><datafield ind1=' ' ind2=' ' tag='300'><subfield code='a'>cxxxviii, 107 p.</subfield><subfield code='c'>25 cm.</subfield></datafield><datafield ind1='0' ind2=' ' tag='490'><subfield code='a'>Archaeologia Americana. Transactions and collections of the American antiquarian society.</subfield><subfield code='v'>vol. III [Pt.1] 1850</subfield></datafield><datafield ind1=' ' ind2=' ' tag='500'><subfield code='a'>Transcribed and collated by David Pulsifer and J. B. Felt; edited by S. F. Haven.</subfield></datafield><datafield ind1=' ' ind2=' ' tag='500'><subfield code='a'>Reprinted 1857 (with list of errata in v. 3 of the society&apos;s &quot;Transactions&quot;) with title: Records of the Company of the Massachusetts Bay, to embarkation of Winthrop and his associates for New England... [The Records actually cover only 1628-1629]</subfield></datafield><datafield ind1=' ' ind2=' ' tag='500'><subfield code='a'>No more published by the society. The Records were published in their entirety by the state in 1853-54.</subfield></datafield><datafield ind1=' ' ind2='0' tag='651'><subfield code='a'>Massachusetts</subfield><subfield code='x'>History</subfield><subfield code='y'>Colonial period, ca. 1600-1775</subfield><subfield code='v'>Sources.</subfield></datafield><datafield ind1='1' ind2=' ' tag='700'><subfield code='a'>Haven, Samuel F.</subfield><subfield code='q'>(Samuel Foster),</subfield><subfield code='d'>1806-1881.</subfield></datafield><datafield ind1='1' ind2=' ' tag='700'><subfield code='a'>Pulsifer, David,</subfield><subfield code='d'>1802-1894.</subfield></datafield><datafield ind1='1' ind2=' ' tag='700'><subfield code='a'>Felt, Joseph B.</subfield><subfield code='q'>(Joseph Barlow),</subfield><subfield code='d'>1789-1869.</subfield></datafield><datafield ind1=' ' ind2=' ' tag='907'><subfield code='a'>.b126889314</subfield><subfield code='c'>m</subfield><subfield code='d'>a</subfield><subfield code='e'>-</subfield><subfield code='f'>eng</subfield><subfield code='g'>mau</subfield><subfield code='h'>0</subfield><subfield code='i'>3</subfield></datafield><datafield ind1=' ' ind2=' ' tag='035'><subfield code='a'>(OCoLC)4581264</subfield></datafield><datafield ind1=' ' ind2=' ' tag='901'><subfield code='a'>147bed33-ef63-4ea5-b01d-ac4b9ae70fef</subfield><subfield code='b'>13</subfield><subfield code='c'>false</subfield></datafield><datafield ind1='8' ind2=' ' tag='852'><subfield code='h'>IQG (Massachusetts. (colony). Records of the Company)</subfield><subfield code='0'>7689424</subfield><subfield code='b'>scsbnypl</subfield></datafield><datafield ind1=' ' ind2=' ' tag='876'><subfield code='0'>7689424</subfield><subfield code='a'>12576969</subfield><subfield code='h'>In Library Use</subfield><subfield code='j'>Available</subfield><subfield code='p'>33433020586511</subfield><subfield code='t'>1</subfield><subfield code='x'>Shared</subfield><subfield code='z'>NA</subfield><subfield code='l'>RECAP</subfield></datafield></record>