
<record><leader>01283cam a2200289Ia 4500</leader><controlfield tag='001'>SCSB-8269488</controlfield><controlfield tag='003'>OCoLC</controlfield><controlfield tag='005'>20051202063303.0</controlfield><controlfield tag='008'>010220s1929    mauach        000 0beng d</controlfield><controlfield tag='009'>.b161825539</controlfield><datafield ind1=' ' ind2=' ' tag='040'><subfield code='a'>YUS</subfield><subfield code='c'>YUS</subfield><subfield code='d'>BAT</subfield><subfield code='d'>OCLCQ</subfield><subfield code='d'>NYP</subfield><subfield code='d'>UtOrBLW</subfield></datafield><datafield ind1=' ' ind2=' ' tag='043'><subfield code='a'>n-us-ma</subfield></datafield><datafield ind1=' ' ind2=' ' tag='049'><subfield code='a'>NYPP</subfield></datafield><datafield ind1='2' ind2=' ' tag='110'><subfield code='a'>John Hancock Mutual Life Insurance Company.</subfield></datafield><datafield ind1='1' ind2='0' tag='245'><subfield code='a'>John Winthrop, first governor of the Massachusetts Bay colony :</subfield><subfield code='b'>an historical outline of the beginnings of a great commonwealth, and of the notable man who was the leader in its foundation.</subfield></datafield><datafield ind1=' ' ind2=' ' tag='260'><subfield code='a'>Boston, Mass. :</subfield><subfield code='b'>Published in connection with the Massachusetts Bay tercentenary of 1930 by John Hancock Mutual Life Ins. Co.,</subfield><subfield code='c'>c1929.</subfield></datafield><datafield ind1=' ' ind2=' ' tag='300'><subfield code='a'>16 p. :</subfield><subfield code='b'>ill., port., facsim. ;</subfield><subfield code='c'>16 cm.</subfield></datafield><datafield ind1='1' ind2='0' tag='600'><subfield code='a'>Winthrop, John,</subfield><subfield code='d'>1588-1649.</subfield></datafield><datafield ind1='2' ind2='0' tag='610'><subfield code='a'>Massachusetts Bay Company.</subfield></datafield><datafield ind1=' ' ind2='0' tag='650'><subfield code='a'>Governors</subfield><subfield code='z'>Massachusetts</subfield><subfield code='v'>Biography.</subfield></datafield><datafield ind1=' ' ind2='0' tag='650'><subfield code='a'>Puritans</subfield><subfield code='z'>Massachusetts</subfield><subfield code='v'>Biography.</subfield></datafield><datafield ind1=' ' ind2='0' tag='651'><subfield code='a'>Massachusetts</subfield><subfield code='x'>History</subfield><subfield code='y'>Colonial period, ca. 1600-1775.</subfield></datafield><datafield ind1=' ' ind2='0' tag='650'><subfield code='a'>Puritans</subfield><subfield code='z'>Massachusetts</subfield><subfield code='x'>History</subfield><subfield code='y'>17th century.</subfield></datafield><datafield ind1=' ' ind2=' ' tag='907'><subfield code='a'>.b161825539</subfield><subfield code='c'>m</subfield><subfield code='d'>a</subfield><subfield code='e'>-</subfield><subfield code='f'>eng</subfield><subfield code='g'>mau</subfield><subfield code='h'>0</subfield><subfield code='i'>1</subfield></datafield><datafield ind1=' ' ind2=' ' tag='035'><subfield code='a'>(OCoLC)45990356</subfield></datafield><datafield ind1='8' ind2=' ' tag='852'><subfield code='h'>JAX G-1798</subfield><subfield code='0'>8423411</subfield><subfield code='b'>scsbnypl</subfield></datafield><datafield ind1=' ' ind2=' ' tag='876'><subfield code='0'>8423411</subfield><subfield code='a'>13792229</subfield><subfield code='h'>In Library Use</subfield><subfield code='j'>Available</subfield><subfield code='p'>33433068682685</subfield><subfield code='t'>1</subfield><subfield code='x'>Shared</subfield><subfield code='z'>NA</subfield><subfield code='l'>RECAP</subfield></datafield></record>