
<record><leader>01013nam a2200253I  4500</leader><controlfield tag='001'>SCSB-12203776</controlfield><controlfield tag='005'>20020606163548.3</controlfield><controlfield tag='008'>801006s1903    mauc         s000 0 eng  </controlfield><controlfield tag='009'>990059807940203941</controlfield><datafield ind1=' ' ind2=' ' tag='035'><subfield code='a'>(MH)005980794HVD01-Aleph</subfield></datafield><datafield ind1=' ' ind2=' ' tag='010'><subfield code='a'>^^^05014579^</subfield></datafield><datafield ind1=' ' ind2=' ' tag='035'><subfield code='a'>(OCoLC)6792744</subfield></datafield><datafield ind1=' ' ind2=' ' tag='040'><subfield code='a'>DLC</subfield><subfield code='c'>BXM</subfield><subfield code='d'>HLS</subfield></datafield><datafield ind1=' ' ind2=' ' tag='043'><subfield code='a'>n-us-ma</subfield></datafield><datafield ind1='0' ind2=' ' tag='050'><subfield code='a'>E241.B7</subfield><subfield code='b'>M4</subfield></datafield><datafield ind1='1' ind2=' ' tag='110'><subfield code='a'>Massachusetts.</subfield></datafield><datafield ind1='1' ind2='2' tag='245'><subfield code='a'>A record of the dedication of the monument on Dorchester Heights, South Boston,</subfield><subfield code='b'>built by the commonwealth as a memorial of the evacuation of Boston, March 17, l776, by the British troops. March 17, 1902.</subfield></datafield><datafield ind1=' ' ind2=' ' tag='260'><subfield code='a'>Boston,</subfield><subfield code='b'>Printed by order of the governor and council, Wright &amp; Potter printing company, state printers,</subfield><subfield code='c'>1903.</subfield></datafield><datafield ind1=' ' ind2=' ' tag='300'><subfield code='a'>53 p.</subfield><subfield code='b'>2 pl. (incl. front.) 2 ports.</subfield><subfield code='c'>25 cm.</subfield></datafield><datafield ind1=' ' ind2=' ' tag='500'><subfield code='a'>&quot;Address by Hon. Henry Cabot Lodge&quot;: p. 35-53.</subfield></datafield><datafield ind1=' ' ind2='0' tag='651'><subfield code='a'>Boston (Mass.)</subfield><subfield code='x'>History</subfield><subfield code='y'>Siege, 1775-1776.</subfield></datafield><datafield ind1=' ' ind2='7' tag='655'><subfield code='a'>History</subfield><subfield code='2'>fast</subfield></datafield><datafield ind1='1' ind2=' ' tag='700'><subfield code='a'>Lodge, Henry Cabot,</subfield><subfield code='d'>1850-1924</subfield></datafield><datafield ind1='0' ind2='8' tag='776'><subfield code='i'>Online version:</subfield><subfield code='a'>Massachusetts.</subfield><subfield code='t'>Record of the dedication of the monument on Dorchester Heights, South Boston.</subfield><subfield code='d'>Boston, Printed by order of the governor and council, Wright &amp; Potter printing Company, State printers, 1903</subfield><subfield code='w'>(OCoLC)903640830</subfield></datafield><datafield ind1='1' ind2=' ' tag='583'><subfield code='a'>committed to retain</subfield><subfield code='c'>20181001</subfield><subfield code='d'>in perpetuity</subfield><subfield code='f'>ReCAP Shared Collection</subfield><subfield code='5'>HUL</subfield><subfield code='8'>221974618640003941</subfield></datafield><datafield ind1='7' ind2=' ' tag='852'><subfield code='2'>ZHCL</subfield><subfield code='c'>HD</subfield><subfield code='h'>US 13188.25.5</subfield><subfield code='0'>13035122</subfield><subfield code='b'>scsbhl</subfield></datafield><datafield ind1=' ' ind2=' ' tag='876'><subfield code='0'>13035122</subfield><subfield code='a'>18834854</subfield><subfield code='h'> </subfield><subfield code='j'>Available</subfield><subfield code='k'>WID</subfield><subfield code='p'>32044083377226</subfield><subfield code='x'>Shared</subfield><subfield code='z'>HW</subfield><subfield code='l'>HD</subfield></datafield></record>