
<record><leader>00853cam a2200313   4500</leader><controlfield tag='001'>SCSB-2848538</controlfield><controlfield tag='003'>NNC</controlfield><controlfield tag='005'>20220526044707.0</controlfield><controlfield tag='008'>780501s1967    ag            000 0 spa  </controlfield><controlfield tag='009'>956082</controlfield><datafield ind1=' ' ind2=' ' tag='010'><subfield code='a'>   68071311 </subfield></datafield><datafield ind1=' ' ind2=' ' tag='025'><subfield code='a'>LACAP67-3529</subfield></datafield><datafield ind1=' ' ind2=' ' tag='035'><subfield code='a'>(OCoLC)ocm03851419</subfield></datafield><datafield ind1=' ' ind2=' ' tag='035'><subfield code='9'>AFF1354CU</subfield></datafield><datafield ind1=' ' ind2=' ' tag='035'><subfield code='a'>(NNC)956082</subfield></datafield><datafield ind1=' ' ind2=' ' tag='035'><subfield code='a'>956082</subfield></datafield><datafield ind1=' ' ind2=' ' tag='040'><subfield code='a'>DLC</subfield><subfield code='c'>TJC</subfield><subfield code='d'>SER</subfield><subfield code='d'>RQO</subfield></datafield><datafield ind1='0' ind2='0' tag='050'><subfield code='a'>PQ7797.N64</subfield><subfield code='b'>O9</subfield></datafield><datafield ind1='0' ind2=' ' tag='082'><subfield code='a'>863</subfield></datafield><datafield ind1='1' ind2=' ' tag='100'><subfield code='a'>Noel, Martín Alberto.</subfield><subfield code='0'>http://id.loc.gov/authorities/names/n81127362</subfield></datafield><datafield ind1='1' ind2='0' tag='245'><subfield code='a'>Oveja negra.</subfield></datafield><datafield ind1=' ' ind2=' ' tag='260'><subfield code='a'>[Buenos Aires] :</subfield><subfield code='b'>Editorial Kraft,</subfield><subfield code='c'>[1967]</subfield></datafield><datafield ind1=' ' ind2=' ' tag='300'><subfield code='a'>159 pages ;</subfield><subfield code='c'>18 cm.</subfield></datafield><datafield ind1=' ' ind2=' ' tag='336'><subfield code='a'>text</subfield><subfield code='2'>rdacontent</subfield></datafield><datafield ind1=' ' ind2=' ' tag='337'><subfield code='a'>unmediated</subfield><subfield code='2'>rdamedia</subfield></datafield><datafield ind1=' ' ind2=' ' tag='338'><subfield code='a'>volume</subfield><subfield code='2'>rdacarrier</subfield></datafield><datafield ind1='1' ind2=' ' tag='490'><subfield code='a'>Colección Narradores argentinos</subfield></datafield><datafield ind1=' ' ind2='0' tag='830'><subfield code='a'>Narradores argentinos.</subfield></datafield><datafield ind1='0' ind2='0' tag='852'><subfield code='h'>PQ7797.N64 O9</subfield><subfield code='0'>2825738</subfield><subfield code='b'>scsbcul</subfield></datafield><datafield ind1=' ' ind2=' ' tag='876'><subfield code='0'>2825738</subfield><subfield code='a'>4462104</subfield><subfield code='h'> </subfield><subfield code='j'>Available</subfield><subfield code='p'>1000061930</subfield><subfield code='t'>1</subfield><subfield code='x'>Shared</subfield><subfield code='z'>CU</subfield><subfield code='l'>RECAP</subfield></datafield></record>