
<record><leader>00000nam a2200313Ii 4500</leader><controlfield tag='001'>SCSB-9778959</controlfield><controlfield tag='003'>OCoLC</controlfield><controlfield tag='005'>20201228081720.0</controlfield><controlfield tag='008'>201228s2018    sp            000 p spa dnamIi </controlfield><controlfield tag='009'>.b217655129</controlfield><datafield ind1='1' ind2=' ' tag='100'><subfield code='a'>Iglesias, Jacob,</subfield><subfield code='d'>1980-</subfield></datafield><datafield ind1=' ' ind2=' ' tag='250'><subfield code='a'>1a edición.</subfield></datafield><datafield ind1=' ' ind2=' ' tag='020'><subfield code='a'>9788494840364</subfield></datafield><datafield ind1=' ' ind2=' ' tag='020'><subfield code='a'>8494840363</subfield></datafield><datafield ind1=' ' ind2='1' tag='264'><subfield code='a'>[Valladolid] :</subfield><subfield code='b'>Editorial Páramo,</subfield><subfield code='c'>2018.</subfield></datafield><datafield ind1=' ' ind2=' ' tag='300'><subfield code='a'>108 pages ;</subfield><subfield code='c'>18 cm</subfield></datafield><datafield ind1=' ' ind2=' ' tag='336'><subfield code='a'>text</subfield><subfield code='2'>rdacontent</subfield></datafield><datafield ind1=' ' ind2=' ' tag='337'><subfield code='a'>unmediated</subfield><subfield code='2'>rdamedia</subfield></datafield><datafield ind1=' ' ind2=' ' tag='338'><subfield code='a'>volume</subfield><subfield code='2'>rdacarrier</subfield></datafield><datafield ind1='1' ind2='0' tag='245'><subfield code='a'>Ovejas negras /</subfield><subfield code='c'>Jacob Iglesias.</subfield></datafield><datafield ind1=' ' ind2=' ' tag='040'><subfield code='a'>NYP</subfield><subfield code='b'>eng</subfield><subfield code='e'>rda</subfield><subfield code='c'>NYP</subfield></datafield><datafield ind1=' ' ind2=' ' tag='049'><subfield code='a'>NYPP</subfield></datafield><datafield ind1=' ' ind2=' ' tag='901'><subfield code='a'>MARS</subfield></datafield><datafield ind1=' ' ind2=' ' tag='901'><subfield code='a'>cir</subfield><subfield code='b'>CATRL</subfield></datafield><datafield ind1=' ' ind2=' ' tag='945'><subfield code='a'>.b217655129</subfield></datafield><datafield ind1=' ' ind2=' ' tag='946'><subfield code='a'>m</subfield></datafield><datafield ind1=' ' ind2='1' tag='949'><subfield code='z'>8528</subfield><subfield code='a'>ReCAP 20-14393</subfield><subfield code='i'>33433129885756</subfield><subfield code='l'>rc2ma</subfield><subfield code='s'>b</subfield><subfield code='t'>55</subfield><subfield code='h'>43</subfield><subfield code='o'>2</subfield><subfield code='v'>CATRL/cir</subfield></datafield><datafield ind1=' ' ind2=' ' tag='910'><subfield code='a'>RL</subfield></datafield><datafield ind1='0' ind2='0' tag='907'><subfield code='a'>.b217655129</subfield></datafield><datafield ind1=' ' ind2=' ' tag='035'><subfield code='a'>(OCoLC)1228117004</subfield></datafield><datafield ind1='8' ind2=' ' tag='852'><subfield code='h'>ReCAP 20-14393</subfield><subfield code='0'>10434831</subfield><subfield code='b'>scsbnypl</subfield></datafield><datafield ind1=' ' ind2=' ' tag='876'><subfield code='0'>10434831</subfield><subfield code='a'>16160433</subfield><subfield code='j'>Available</subfield><subfield code='p'>33433129885756</subfield><subfield code='t'>1</subfield><subfield code='x'>Shared</subfield><subfield code='z'>NA</subfield><subfield code='l'>RECAP</subfield></datafield></record>