
<record><leader>01100cam a22003494a 4500</leader><controlfield tag='001'>SCSB-6430768</controlfield><controlfield tag='003'>OCoLC</controlfield><controlfield tag='005'>20090330143154.0</controlfield><controlfield tag='008'>071218s2007    sp            000 0 spa  </controlfield><controlfield tag='009'>.b167811332</controlfield><datafield ind1=' ' ind2=' ' tag='010'><subfield code='a'>2008370352</subfield></datafield><datafield ind1=' ' ind2=' ' tag='020'><subfield code='a'>9788402420206</subfield></datafield><datafield ind1=' ' ind2=' ' tag='020'><subfield code='a'>8402420206</subfield></datafield><datafield ind1=' ' ind2=' ' tag='040'><subfield code='a'>DLC</subfield><subfield code='c'>DLC</subfield><subfield code='d'>PL#</subfield><subfield code='d'>GUA</subfield><subfield code='d'>C3L</subfield><subfield code='d'>OCLCG</subfield><subfield code='d'>IXA</subfield><subfield code='d'>NYP</subfield></datafield><datafield ind1=' ' ind2=' ' tag='043'><subfield code='a'>e-sp---</subfield></datafield><datafield ind1=' ' ind2=' ' tag='049'><subfield code='a'>NYPP</subfield></datafield><datafield ind1='0' ind2='0' tag='050'><subfield code='a'>PQ6651.Z76</subfield><subfield code='b'>O84 2007</subfield></datafield><datafield ind1='1' ind2='4' tag='082'><subfield code='a'>868</subfield><subfield code='2'>21</subfield></datafield><datafield ind1='1' ind2=' ' tag='100'><subfield code='a'>Azúa, Félix de,</subfield><subfield code='d'>1944-</subfield></datafield><datafield ind1='1' ind2='0' tag='245'><subfield code='a'>Ovejas negras /</subfield><subfield code='c'>Félix de Azúa ; selección de Enrique Murillo y Juan Camargo.</subfield></datafield><datafield ind1=' ' ind2=' ' tag='250'><subfield code='a'>1a ed.</subfield></datafield><datafield ind1=' ' ind2=' ' tag='260'><subfield code='a'>Barcelona :</subfield><subfield code='b'>Bruguera,</subfield><subfield code='c'>2007.</subfield></datafield><datafield ind1=' ' ind2=' ' tag='300'><subfield code='a'>249 p. ;</subfield><subfield code='c'>21 cm.</subfield></datafield><datafield ind1='1' ind2=' ' tag='490'><subfield code='a'>Ensayo breve</subfield></datafield><datafield ind1=' ' ind2=' ' tag='653'><subfield code='a'>Literatura española</subfield><subfield code='a'>Ensayo</subfield><subfield code='a'>Siglo XX.</subfield></datafield><datafield ind1=' ' ind2=' ' tag='653'><subfield code='a'>Ensayos españoles</subfield><subfield code='a'>Siglo XX.</subfield></datafield><datafield ind1='1' ind2=' ' tag='700'><subfield code='a'>Murillo, Enrique,</subfield><subfield code='d'>1944-</subfield></datafield><datafield ind1=' ' ind2='0' tag='830'><subfield code='a'>Ensayo breve (Editorial Bruguera)</subfield></datafield><datafield ind1=' ' ind2=' ' tag='907'><subfield code='a'>.b167811332</subfield><subfield code='c'>m</subfield><subfield code='d'>a</subfield><subfield code='e'>-</subfield><subfield code='f'>spa</subfield><subfield code='g'>sp</subfield><subfield code='h'>0</subfield><subfield code='i'>1</subfield></datafield><datafield ind1=' ' ind2=' ' tag='035'><subfield code='a'>(OCoLC)190395955</subfield></datafield><datafield ind1='8' ind2=' ' tag='852'><subfield code='h'>ReCAP 09-5908</subfield><subfield code='0'>6501937</subfield><subfield code='b'>scsbnypl</subfield></datafield><datafield ind1=' ' ind2=' ' tag='876'><subfield code='0'>6501937</subfield><subfield code='a'>10492271</subfield><subfield code='j'>Available</subfield><subfield code='p'>33433083050157</subfield><subfield code='t'>1</subfield><subfield code='x'>Shared</subfield><subfield code='z'>NA</subfield><subfield code='l'>RECAP</subfield></datafield></record>