
<record><leader>01052nam a2200325Ia 4500</leader><controlfield tag='001'>SCSB-6666890</controlfield><controlfield tag='003'>OCoLC</controlfield><controlfield tag='005'>20130923133327.0</controlfield><controlfield tag='008'>130116s2012    mx       b    000 0 spa d</controlfield><controlfield tag='009'>.b198399881</controlfield><datafield ind1=' ' ind2=' ' tag='020'><subfield code='a'>9786074008906</subfield></datafield><datafield ind1=' ' ind2=' ' tag='020'><subfield code='a'>6074008906</subfield></datafield><datafield ind1=' ' ind2=' ' tag='040'><subfield code='a'>AZU</subfield><subfield code='c'>TEF</subfield><subfield code='d'>NYP</subfield></datafield><datafield ind1=' ' ind2=' ' tag='043'><subfield code='a'>n-mx---</subfield></datafield><datafield ind1=' ' ind2=' ' tag='049'><subfield code='a'>NYPP</subfield></datafield><datafield ind1=' ' ind2='4' tag='050'><subfield code='a'>BX1428.3</subfield><subfield code='b'>.R85 2012</subfield></datafield><datafield ind1='1' ind2=' ' tag='100'><subfield code='a'>Ruiz Parra, Emiliano.</subfield></datafield><datafield ind1='1' ind2='0' tag='245'><subfield code='a'>Ovejas negras :</subfield><subfield code='b'>rebeldes de la Iglesia mexicana del siglo XXI /</subfield><subfield code='c'>Emiliano Ruiz Parra.</subfield></datafield><datafield ind1=' ' ind2=' ' tag='250'><subfield code='a'>1. ed.</subfield></datafield><datafield ind1=' ' ind2=' ' tag='260'><subfield code='a'>Mexico, D.F. :</subfield><subfield code='b'>Oceano,</subfield><subfield code='c'>2012.</subfield></datafield><datafield ind1=' ' ind2=' ' tag='300'><subfield code='a'>267 p. ;</subfield><subfield code='c'>23 cm.</subfield></datafield><datafield ind1='1' ind2=' ' tag='490'><subfield code='a'>En primera persona</subfield></datafield><datafield ind1=' ' ind2=' ' tag='504'><subfield code='a'>Includes bibliographical references.</subfield></datafield><datafield ind1='2' ind2='0' tag='610'><subfield code='a'>Catholic Church</subfield><subfield code='z'>Mexico</subfield><subfield code='x'>History</subfield><subfield code='y'>21st century.</subfield></datafield><datafield ind1='2' ind2='0' tag='610'><subfield code='a'>Catholic Church</subfield><subfield code='v'>Controversial literature.</subfield></datafield><datafield ind1=' ' ind2='0' tag='830'><subfield code='a'>En primera persona.</subfield></datafield><datafield ind1=' ' ind2=' ' tag='907'><subfield code='a'>.b198399881</subfield><subfield code='c'>m</subfield><subfield code='d'>a</subfield><subfield code='e'>-</subfield><subfield code='f'>spa</subfield><subfield code='g'>mx</subfield><subfield code='h'>0</subfield><subfield code='i'>1</subfield></datafield><datafield ind1=' ' ind2=' ' tag='035'><subfield code='a'>(OCoLC)824510374</subfield></datafield><datafield ind1='8' ind2=' ' tag='852'><subfield code='h'>ReCAP 13-29892</subfield><subfield code='0'>6747555</subfield><subfield code='b'>scsbnypl</subfield></datafield><datafield ind1=' ' ind2=' ' tag='876'><subfield code='0'>6747555</subfield><subfield code='a'>10899436</subfield><subfield code='j'>Available</subfield><subfield code='p'>33433110967779</subfield><subfield code='t'>1</subfield><subfield code='x'>Shared</subfield><subfield code='z'>NA</subfield><subfield code='l'>RECAP</subfield></datafield></record>