
<record><leader>00871nam a2200289 a 4500</leader><controlfield tag='001'>SCSB-3180682</controlfield><controlfield tag='003'>NNC</controlfield><controlfield tag='005'>20220608183902.0</controlfield><controlfield tag='008'>941005s1994    sp            000 0 spa  </controlfield><controlfield tag='009'>1539883</controlfield><datafield ind1=' ' ind2=' ' tag='010'><subfield code='a'>   94215712 </subfield></datafield><datafield ind1=' ' ind2=' ' tag='020'><subfield code='a'>8423323803</subfield></datafield><datafield ind1=' ' ind2=' ' tag='035'><subfield code='a'>(OCoLC)31454036</subfield></datafield><datafield ind1=' ' ind2=' ' tag='035'><subfield code='a'>(OCoLC)ocm31454036</subfield></datafield><datafield ind1=' ' ind2=' ' tag='035'><subfield code='9'>AKB9582CU</subfield></datafield><datafield ind1=' ' ind2=' ' tag='035'><subfield code='a'>(NNC)1539883</subfield></datafield><datafield ind1=' ' ind2=' ' tag='035'><subfield code='a'>1539883</subfield></datafield><datafield ind1=' ' ind2=' ' tag='040'><subfield code='a'>NNC</subfield><subfield code='c'>NNC</subfield></datafield><datafield ind1=' ' ind2='4' tag='050'><subfield code='a'>PQ6623.A89</subfield><subfield code='b'>O9 1994g</subfield></datafield><datafield ind1='1' ind2=' ' tag='100'><subfield code='a'>Matute, Ana María,</subfield><subfield code='d'>1925-2014.</subfield><subfield code='0'>http://id.loc.gov/authorities/names/n50006894</subfield></datafield><datafield ind1='1' ind2='3' tag='245'><subfield code='a'>La oveja negra /</subfield><subfield code='c'>Ana María Matute.</subfield></datafield><datafield ind1=' ' ind2=' ' tag='260'><subfield code='a'>Barcelona :</subfield><subfield code='b'>Destino,</subfield><subfield code='c'>1994.</subfield></datafield><datafield ind1=' ' ind2=' ' tag='300'><subfield code='a'>72 pages ;</subfield><subfield code='c'>25 cm.</subfield></datafield><datafield ind1=' ' ind2=' ' tag='336'><subfield code='a'>text</subfield><subfield code='b'>txt</subfield><subfield code='2'>rdacontent</subfield></datafield><datafield ind1=' ' ind2=' ' tag='337'><subfield code='a'>unmediated</subfield><subfield code='b'>n</subfield><subfield code='2'>rdamedia</subfield></datafield><datafield ind1='1' ind2=' ' tag='490'><subfield code='a'>Pequeño delfín ;</subfield><subfield code='v'>9</subfield></datafield><datafield ind1=' ' ind2='0' tag='830'><subfield code='a'>Pequeño delfín ;</subfield><subfield code='v'>9.</subfield><subfield code='0'>http://id.loc.gov/authorities/names/no95016226</subfield></datafield><datafield ind1='0' ind2='0' tag='852'><subfield code='h'>PQ6623.A89 O9 1994g</subfield><subfield code='0'>3164137</subfield><subfield code='b'>scsbcul</subfield></datafield><datafield ind1=' ' ind2=' ' tag='876'><subfield code='0'>3164137</subfield><subfield code='a'>4845550</subfield><subfield code='h'> </subfield><subfield code='j'>Available</subfield><subfield code='p'>CU53184211</subfield><subfield code='t'>1</subfield><subfield code='x'>Shared</subfield><subfield code='z'>CU</subfield><subfield code='l'>RECAP</subfield></datafield></record>