
<record><leader>00707cam a2200253 a 4500</leader><controlfield tag='001'>SCSB-10836537</controlfield><controlfield tag='005'>20021217123012.0</controlfield><controlfield tag='008'>000623s2000    sp            000 1 spa  </controlfield><controlfield tag='009'>990085509600203941</controlfield><datafield ind1=' ' ind2=' ' tag='010'><subfield code='a'>^^2001317166</subfield></datafield><datafield ind1=' ' ind2=' ' tag='020'><subfield code='a'>848374175X</subfield></datafield><datafield ind1=' ' ind2=' ' tag='035'><subfield code='a'>(OCoLC)44532224</subfield></datafield><datafield ind1=' ' ind2=' ' tag='040'><subfield code='a'>DLC</subfield><subfield code='c'>DLC</subfield><subfield code='d'>DLC</subfield></datafield><datafield ind1='0' ind2='0' tag='050'><subfield code='a'>PQ6668.O375</subfield><subfield code='b'>O84 2000</subfield></datafield><datafield ind1='0' ind2='0' tag='082'><subfield code='a'>863/.64</subfield><subfield code='2'>21</subfield></datafield><datafield ind1='1' ind2=' ' tag='100'><subfield code='a'>Rodríguez Chaves, José,</subfield><subfield code='d'>1936-</subfield></datafield><datafield ind1='1' ind2='3' tag='245'><subfield code='a'>La oveja negra :</subfield><subfield code='b'>novela /</subfield><subfield code='c'>José Rodríguez Chaves.</subfield></datafield><datafield ind1=' ' ind2=' ' tag='250'><subfield code='a'>1. ed.</subfield></datafield><datafield ind1=' ' ind2=' ' tag='260'><subfield code='a'>Madrid, España :</subfield><subfield code='b'>Huerga &amp; Fierro,</subfield><subfield code='c'>2000.</subfield></datafield><datafield ind1=' ' ind2=' ' tag='300'><subfield code='a'>220 p. ;</subfield><subfield code='c'>22 cm.</subfield></datafield><datafield ind1='1' ind2=' ' tag='490'><subfield code='a'>Novela ;</subfield><subfield code='v'>68</subfield></datafield><datafield ind1=' ' ind2='0' tag='830'><subfield code='a'>Novela (Huerga &amp; Fierro Editores) ;</subfield><subfield code='v'>68.</subfield></datafield><datafield ind1='1' ind2=' ' tag='583'><subfield code='a'>committed to retain</subfield><subfield code='c'>20181001</subfield><subfield code='d'>in perpetuity</subfield><subfield code='f'>ReCAP Shared Collection</subfield><subfield code='5'>HUL</subfield><subfield code='8'>222049884740003941</subfield></datafield><datafield ind1='0' ind2=' ' tag='852'><subfield code='c'>HD</subfield><subfield code='h'>PQ6668.O375</subfield><subfield code='i'>O84 2000</subfield><subfield code='8'>222049884740003941</subfield><subfield code='0'>11627622</subfield><subfield code='b'>scsbhl</subfield></datafield><datafield ind1=' ' ind2=' ' tag='876'><subfield code='0'>11627622</subfield><subfield code='a'>17373397</subfield><subfield code='j'>Available</subfield><subfield code='k'>WID</subfield><subfield code='p'>HX2EJL</subfield><subfield code='x'>Shared</subfield><subfield code='z'>HW</subfield><subfield code='l'>HD</subfield></datafield></record>