
<record><leader>00000nam a22003014i 4500</leader><controlfield tag='001'>SCSB-8866518</controlfield><controlfield tag='003'>AR-BaFGC</controlfield><controlfield tag='005'>20170825173251.0</controlfield><controlfield tag='008'>161017e201510  ag a     b    000 0 spa dnam4i </controlfield><controlfield tag='009'>.b213749579</controlfield><datafield ind1=' ' ind2='0' tag='651'><subfield code='a'>Argentina</subfield><subfield code='x'>Politics and government</subfield><subfield code='y'>2002-</subfield></datafield><datafield ind1=' ' ind2='0' tag='651'><subfield code='a'>Latin America</subfield><subfield code='x'>Politics and government</subfield><subfield code='y'>1980-</subfield></datafield><datafield ind1=' ' ind2='0' tag='650'><subfield code='a'>Anarchism.</subfield></datafield><datafield ind1=' ' ind2=' ' tag='250'><subfield code='a'>Primera edición.</subfield></datafield><datafield ind1=' ' ind2=' ' tag='020'><subfield code='a'>9789872944162</subfield></datafield><datafield ind1=' ' ind2=' ' tag='504'><subfield code='a'>Includes bibliographical references.</subfield></datafield><datafield ind1=' ' ind2='1' tag='264'><subfield code='a'>Rosario, Argentina :</subfield><subfield code='b'>Lazo Negro Ediciones,</subfield><subfield code='c'>octubre de 2015.</subfield></datafield><datafield ind1=' ' ind2=' ' tag='300'><subfield code='a'>181 pages :</subfield><subfield code='b'>illustrations ;</subfield><subfield code='c'>20 cm</subfield></datafield><datafield ind1=' ' ind2=' ' tag='336'><subfield code='a'>text</subfield><subfield code='2'>rdacontent</subfield></datafield><datafield ind1=' ' ind2=' ' tag='337'><subfield code='a'>unmediated</subfield><subfield code='2'>rdamedia</subfield></datafield><datafield ind1=' ' ind2=' ' tag='338'><subfield code='a'>volume</subfield><subfield code='2'>rdacarrier</subfield></datafield><datafield ind1='0' ind2='3' tag='245'><subfield code='a'>La Oveja Negra :</subfield><subfield code='b'>boletín de la Biblioteca y Archivo Histórico Social &quot;Alberto Ghiraldo&quot; : selección de textos : febrero 2012 - agosto 2015.</subfield></datafield><datafield ind1='0' ind2=' ' tag='730'><subfield code='a'>Oveja Negra (Rosario, Argentina).</subfield></datafield><datafield ind1=' ' ind2=' ' tag='040'><subfield code='a'>AR-BaFGC</subfield><subfield code='b'>eng</subfield><subfield code='e'>rda</subfield><subfield code='c'>AR-BaFGC</subfield><subfield code='d'>DLC</subfield></datafield><datafield ind1=' ' ind2=' ' tag='043'><subfield code='a'>s-ag---</subfield></datafield><datafield ind1=' ' ind2='4' tag='050'><subfield code='a'>F2849.3</subfield><subfield code='b'>.O94 2015</subfield></datafield><datafield ind1=' ' ind2=' ' tag='901'><subfield code='a'>CATRL/ilc</subfield></datafield><datafield ind1=' ' ind2='4' tag='908'><subfield code='a'>F2849.3</subfield><subfield code='b'>.O94 2015</subfield></datafield><datafield ind1='0' ind2='0' tag='907'><subfield code='a'>.b213749579</subfield></datafield><datafield ind1='8' ind2=' ' tag='852'><subfield code='h'>ReCAP 17-29079</subfield><subfield code='0'>9053636</subfield><subfield code='b'>scsbnypl</subfield></datafield><datafield ind1=' ' ind2=' ' tag='876'><subfield code='0'>9053636</subfield><subfield code='a'>14649260</subfield><subfield code='j'>Available</subfield><subfield code='p'>33433122362811</subfield><subfield code='t'>1</subfield><subfield code='x'>Shared</subfield><subfield code='z'>NA</subfield><subfield code='l'>RECAP</subfield></datafield></record>