
<record><leader>01337nam a2200349 a 4500</leader><controlfield tag='001'>SCSB-3914370</controlfield><controlfield tag='003'>NNC</controlfield><controlfield tag='005'>20221012213920.0</controlfield><controlfield tag='008'>000905s2000    cl       b    000 0 spa d</controlfield><controlfield tag='009'>2653581</controlfield><datafield ind1=' ' ind2=' ' tag='020'><subfield code='a'>9562822605</subfield></datafield><datafield ind1=' ' ind2=' ' tag='035'><subfield code='a'>(OCoLC)ocm44936506</subfield></datafield><datafield ind1=' ' ind2=' ' tag='035'><subfield code='9'>ARA0285CU</subfield></datafield><datafield ind1=' ' ind2=' ' tag='035'><subfield code='a'>(NNC)2653581</subfield></datafield><datafield ind1=' ' ind2=' ' tag='035'><subfield code='a'>2653581</subfield></datafield><datafield ind1=' ' ind2=' ' tag='040'><subfield code='a'>IQU</subfield><subfield code='c'>IQU</subfield></datafield><datafield ind1=' ' ind2=' ' tag='043'><subfield code='a'>s-cl---</subfield></datafield><datafield ind1=' ' ind2=' ' tag='090'><subfield code='a'>PQ7918</subfield><subfield code='b'>.V35 2000</subfield></datafield><datafield ind1='1' ind2=' ' tag='100'><subfield code='a'>Valdivieso, Jaime,</subfield><subfield code='d'>1929-</subfield><subfield code='0'>http://id.loc.gov/authorities/names/n82037953</subfield></datafield><datafield ind1='1' ind2='0' tag='245'><subfield code='a'>Señores y ovejas negras :</subfield><subfield code='b'>Chile, un mito y su ruptura /</subfield><subfield code='c'>Jaime Valdivieso B.</subfield></datafield><datafield ind1=' ' ind2=' ' tag='250'><subfield code='a'>1. ed.</subfield></datafield><datafield ind1=' ' ind2=' ' tag='260'><subfield code='a'>Santiago :</subfield><subfield code='b'>LOM,</subfield><subfield code='c'>2000.</subfield></datafield><datafield ind1=' ' ind2=' ' tag='300'><subfield code='a'>108 pages ;</subfield><subfield code='c'>21 cm.</subfield></datafield><datafield ind1=' ' ind2=' ' tag='336'><subfield code='a'>text</subfield><subfield code='b'>txt</subfield><subfield code='2'>rdacontent</subfield></datafield><datafield ind1=' ' ind2=' ' tag='337'><subfield code='a'>unmediated</subfield><subfield code='b'>n</subfield><subfield code='2'>rdamedia</subfield></datafield><datafield ind1='1' ind2=' ' tag='490'><subfield code='a'>Colección Texto sobre texto</subfield></datafield><datafield ind1=' ' ind2=' ' tag='504'><subfield code='a'>Includes bibliographical references.</subfield></datafield><datafield ind1=' ' ind2=' ' tag='583'><subfield code='a'>Preserved,</subfield><subfield code='i'>Deacidified,</subfield><subfield code='c'>2004</subfield><subfield code='j'>Cranberry, PA</subfield><subfield code='k'>Preservation Technologies LP</subfield><subfield code='5'>NNC</subfield></datafield><datafield ind1=' ' ind2='0' tag='650'><subfield code='a'>Literature and society</subfield><subfield code='z'>Chile.</subfield></datafield><datafield ind1=' ' ind2='0' tag='650'><subfield code='a'>National characteristics, Chilean, in literature.</subfield><subfield code='0'>http://id.loc.gov/authorities/subjects/sh00009682</subfield></datafield><datafield ind1=' ' ind2='0' tag='650'><subfield code='a'>Chilean literature</subfield><subfield code='y'>20th century</subfield><subfield code='x'>History and criticism.</subfield><subfield code='0'>http://id.loc.gov/authorities/subjects/sh2008117667</subfield></datafield><datafield ind1=' ' ind2='0' tag='830'><subfield code='a'>Colección Texto sobre texto.</subfield><subfield code='0'>http://id.loc.gov/authorities/names/no97047720</subfield></datafield><datafield ind1='0' ind2='0' tag='852'><subfield code='h'>PQ7918 .V35 2000g</subfield><subfield code='0'>3923784</subfield><subfield code='b'>scsbcul</subfield></datafield><datafield ind1=' ' ind2=' ' tag='876'><subfield code='0'>3923784</subfield><subfield code='a'>5734843</subfield><subfield code='h'> </subfield><subfield code='j'>Available</subfield><subfield code='p'>CU71076034</subfield><subfield code='t'>1</subfield><subfield code='x'>Shared</subfield><subfield code='z'>CU</subfield><subfield code='l'>RECAP</subfield></datafield></record>