
<record><leader>01430nam a2200385Ii 4500</leader><controlfield tag='001'>SCSB-8352860</controlfield><controlfield tag='003'>OCoLC</controlfield><controlfield tag='005'>20160811114719.0</controlfield><controlfield tag='008'>160811s2015    ag            000 0 spa d</controlfield><controlfield tag='009'>.b208937754</controlfield><datafield ind1=' ' ind2=' ' tag='020'><subfield code='a'>9789500752305</subfield></datafield><datafield ind1=' ' ind2=' ' tag='020'><subfield code='a'>9500752301</subfield></datafield><datafield ind1=' ' ind2=' ' tag='040'><subfield code='a'>NYP</subfield><subfield code='b'>eng</subfield><subfield code='e'>rda</subfield><subfield code='c'>NYP</subfield></datafield><datafield ind1=' ' ind2=' ' tag='043'><subfield code='a'>s-uy---</subfield></datafield><datafield ind1=' ' ind2=' ' tag='049'><subfield code='a'>NYPP</subfield></datafield><datafield ind1='1' ind2=' ' tag='100'><subfield code='a'>Danza, Andrés,</subfield><subfield code='d'>1976-</subfield><subfield code='e'>author.</subfield></datafield><datafield ind1='1' ind2='4' tag='245'><subfield code='a'>Una oveja negra al poder :</subfield><subfield code='b'>confesiones e intimidades de Pepe Mujica /</subfield><subfield code='c'>Andrés Danza y Ernesto Tulbovitz.</subfield></datafield><datafield ind1='3' ind2='0' tag='246'><subfield code='a'>Confesiones e intimidades de Pepe Mujica</subfield></datafield><datafield ind1=' ' ind2=' ' tag='250'><subfield code='a'>Segunda edición.</subfield></datafield><datafield ind1=' ' ind2='1' tag='264'><subfield code='a'>Buenos Aires :</subfield><subfield code='b'>Editorial Sudamericana,</subfield><subfield code='c'>julio de 2015.</subfield></datafield><datafield ind1=' ' ind2=' ' tag='300'><subfield code='a'>303 pages ;</subfield><subfield code='c'>23 cm</subfield></datafield><datafield ind1=' ' ind2=' ' tag='336'><subfield code='a'>text</subfield><subfield code='2'>rdacontent</subfield></datafield><datafield ind1=' ' ind2=' ' tag='337'><subfield code='a'>unmediated</subfield><subfield code='2'>rdamedia</subfield></datafield><datafield ind1=' ' ind2=' ' tag='338'><subfield code='a'>volume</subfield><subfield code='2'>rdacarrier</subfield></datafield><datafield ind1='1' ind2='0' tag='600'><subfield code='a'>Mujica Cordano, José Alberto,</subfield><subfield code='d'>1934-</subfield><subfield code='v'>Interviews.</subfield></datafield><datafield ind1=' ' ind2='0' tag='651'><subfield code='a'>Uruguay</subfield><subfield code='x'>Politics and government</subfield><subfield code='y'>1985-</subfield></datafield><datafield ind1=' ' ind2='0' tag='651'><subfield code='a'>Uruguay</subfield><subfield code='x'>Politics and government</subfield><subfield code='y'>1973-1985.</subfield></datafield><datafield ind1=' ' ind2='0' tag='650'><subfield code='a'>Presidents</subfield><subfield code='z'>Uruguay</subfield><subfield code='v'>Interviews.</subfield></datafield><datafield ind1='1' ind2=' ' tag='700'><subfield code='a'>Tulbovitz, Ernesto,</subfield><subfield code='d'>1967-</subfield><subfield code='e'>author,</subfield><subfield code='e'>interviewer.</subfield></datafield><datafield ind1='1' ind2=' ' tag='700'><subfield code='a'>Mujica Cordano, José Alberto,</subfield><subfield code='d'>1934-</subfield><subfield code='e'>interviewee.</subfield></datafield><datafield ind1=' ' ind2=' ' tag='907'><subfield code='a'>.b208937754</subfield><subfield code='c'>m</subfield><subfield code='d'>a</subfield><subfield code='e'>-</subfield><subfield code='f'>spa</subfield><subfield code='g'>ag</subfield><subfield code='h'>4</subfield><subfield code='i'>1</subfield></datafield><datafield ind1=' ' ind2=' ' tag='035'><subfield code='a'>(OCoLC)956504383</subfield></datafield><datafield ind1='8' ind2=' ' tag='852'><subfield code='h'>ReCAP 16-24422</subfield><subfield code='0'>8507776</subfield><subfield code='b'>scsbnypl</subfield></datafield><datafield ind1=' ' ind2=' ' tag='876'><subfield code='0'>8507776</subfield><subfield code='a'>13890967</subfield><subfield code='j'>Available</subfield><subfield code='p'>33433118344997</subfield><subfield code='t'>1</subfield><subfield code='x'>Shared</subfield><subfield code='z'>NA</subfield><subfield code='l'>RECAP</subfield></datafield></record>