
<record><leader>03113cam a2200673 i 4500</leader><controlfield tag='001'>SCSB-11881047</controlfield><controlfield tag='005'>20250618213022.0</controlfield><controlfield tag='008'>150928s2015    sp       b    000 0bspa d</controlfield><controlfield tag='009'>990145489920203941</controlfield><datafield ind1=' ' ind2=' ' tag='020'><subfield code='a'>9788499925769</subfield></datafield><datafield ind1=' ' ind2=' ' tag='020'><subfield code='a'>8499925766</subfield></datafield><datafield ind1=' ' ind2=' ' tag='035'><subfield code='a'>(OCoLC)922885754</subfield><subfield code='z'>(OCoLC)930607018</subfield></datafield><datafield ind1=' ' ind2=' ' tag='040'><subfield code='a'>C3L</subfield><subfield code='b'>eng</subfield><subfield code='c'>C3L</subfield><subfield code='d'>BTCTA</subfield><subfield code='d'>OCLCQ</subfield><subfield code='d'>IUL</subfield><subfield code='d'>BDX</subfield><subfield code='d'>OCLCF</subfield><subfield code='d'>QGK</subfield><subfield code='d'>OCLCA</subfield><subfield code='d'>JDP</subfield><subfield code='d'>OCL</subfield><subfield code='d'>OCLCO</subfield><subfield code='d'>OCLCA</subfield><subfield code='d'>OCLCQ</subfield><subfield code='d'>OCLCA</subfield><subfield code='d'>OCLCQ</subfield><subfield code='d'>OCLCO</subfield><subfield code='d'>DZM</subfield><subfield code='d'>OCLCO</subfield><subfield code='d'>OCLCL</subfield><subfield code='d'>OCLCQ</subfield><subfield code='d'>OCLCA</subfield></datafield><datafield ind1=' ' ind2=' ' tag='043'><subfield code='a'>cl-----</subfield></datafield><datafield ind1=' ' ind2='4' tag='050'><subfield code='a'>F2729.52.M85</subfield><subfield code='b'>D36 2015b</subfield></datafield><datafield ind1=' ' ind2='4' tag='050'><subfield code='a'>JC</subfield></datafield><datafield ind1='1' ind2='4' tag='082'><subfield code='a'>320</subfield><subfield code='2'>14</subfield></datafield><datafield ind1='1' ind2=' ' tag='100'><subfield code='a'>Danza, Andrés,</subfield><subfield code='d'>1976-</subfield><subfield code='e'>author.</subfield><subfield code='1'>https://id.oclc.org/worldcat/entity/E39PBJdRx4gFTRVwRDwC4JVgrq</subfield></datafield><datafield ind1='1' ind2='4' tag='245'><subfield code='a'>Una oveja negra al poder :</subfield><subfield code='b'>Pepe Mujica, la política de la gente /</subfield><subfield code='c'>Andrés Danza, Ernesto Tulbovitz.</subfield></datafield><datafield ind1=' ' ind2=' ' tag='250'><subfield code='a'>Tercera edición.</subfield></datafield><datafield ind1=' ' ind2='1' tag='264'><subfield code='a'>Barcelona :</subfield><subfield code='b'>Debate,</subfield><subfield code='c'>noviembre de 2015.</subfield></datafield><datafield ind1=' ' ind2=' ' tag='300'><subfield code='a'>301 pages ;</subfield><subfield code='c'>23 cm.</subfield></datafield><datafield ind1=' ' ind2=' ' tag='336'><subfield code='a'>text</subfield><subfield code='b'>txt</subfield><subfield code='2'>rdacontent</subfield></datafield><datafield ind1=' ' ind2=' ' tag='337'><subfield code='a'>unmediated</subfield><subfield code='b'>n</subfield><subfield code='2'>rdamedia</subfield></datafield><datafield ind1=' ' ind2=' ' tag='338'><subfield code='a'>volume</subfield><subfield code='b'>nc</subfield><subfield code='2'>rdacarrier</subfield></datafield><datafield ind1='1' ind2=' ' tag='490'><subfield code='a'>Debate Política</subfield></datafield><datafield ind1=' ' ind2=' ' tag='504'><subfield code='a'>Includes bibliographical references.</subfield></datafield><datafield ind1='0' ind2=' ' tag='520'><subfield code='a'>Biography of José Alberto Mujica Cordano (1934- ), known as &quot;el Pepe&quot;, president of Uruguay.</subfield></datafield><datafield ind1=' ' ind2=' ' tag='500'><subfield code='a'>Biography of José Alberto Mujica Cordano (1934- ), known as &quot;el Pepe&quot;, president of Uruguay.</subfield></datafield><datafield ind1=' ' ind2='0' tag='650'><subfield code='a'>Presidents</subfield><subfield code='z'>Uruguay</subfield><subfield code='v'>Interviews.</subfield></datafield><datafield ind1=' ' ind2='6' tag='650'><subfield code='a'>Présidents</subfield><subfield code='z'>Uruguay</subfield><subfield code='v'>Entretiens.</subfield></datafield><datafield ind1=' ' ind2='7' tag='650'><subfield code='a'>Presidentes</subfield><subfield code='z'>Uruguay</subfield><subfield code='v'>Entrevistas.</subfield><subfield code='2'>bidex</subfield></datafield><datafield ind1=' ' ind2='7' tag='650'><subfield code='a'>Politics and government</subfield><subfield code='2'>fast</subfield><subfield code='0'>(OCoLC)fst01919741</subfield></datafield><datafield ind1=' ' ind2='7' tag='650'><subfield code='a'>Presidents</subfield><subfield code='2'>fast</subfield><subfield code='0'>(OCoLC)fst01075723</subfield></datafield><datafield ind1=' ' ind2='0' tag='651'><subfield code='a'>Uruguay</subfield><subfield code='x'>Politics and government</subfield><subfield code='y'>1985-</subfield></datafield><datafield ind1=' ' ind2='0' tag='651'><subfield code='a'>Uruguay</subfield><subfield code='x'>Politics and government</subfield><subfield code='y'>1973-1985</subfield></datafield><datafield ind1=' ' ind2='6' tag='651'><subfield code='a'>Uruguay</subfield><subfield code='x'>Politique et gouvernement</subfield><subfield code='y'>1985-</subfield></datafield><datafield ind1=' ' ind2='6' tag='651'><subfield code='a'>Uruguay</subfield><subfield code='x'>Politique et gouvernement</subfield><subfield code='y'>1973-1985.</subfield></datafield><datafield ind1=' ' ind2='7' tag='651'><subfield code='a'>Uruguay</subfield><subfield code='x'>Política y gobierno</subfield><subfield code='y'>1985-</subfield><subfield code='2'>bidex</subfield></datafield><datafield ind1=' ' ind2='7' tag='651'><subfield code='a'>Uruguay</subfield><subfield code='x'>Política y gobierno</subfield><subfield code='y'>1973-1985.</subfield><subfield code='2'>bidex</subfield></datafield><datafield ind1=' ' ind2='7' tag='651'><subfield code='a'>Uruguay</subfield><subfield code='2'>fast</subfield><subfield code='0'>(OCoLC)fst01202667</subfield><subfield code='1'>https://id.oclc.org/worldcat/entity/E39PBJjHdXHPxTYQvhjGMFt3Qq</subfield></datafield><datafield ind1=' ' ind2='2' tag='655'><subfield code='a'>Interview</subfield></datafield><datafield ind1=' ' ind2='2' tag='655'><subfield code='a'>Biography</subfield></datafield><datafield ind1=' ' ind2='7' tag='655'><subfield code='a'>interviews.</subfield><subfield code='2'>aat</subfield></datafield><datafield ind1=' ' ind2='7' tag='655'><subfield code='a'>Biographies</subfield><subfield code='2'>fast</subfield><subfield code='0'>(OCoLC)fst01919896</subfield></datafield><datafield ind1=' ' ind2='7' tag='655'><subfield code='a'>Interviews</subfield><subfield code='2'>fast</subfield><subfield code='0'>(OCoLC)fst01423832</subfield></datafield><datafield ind1=' ' ind2='7' tag='655'><subfield code='a'>Interviews</subfield><subfield code='2'>lcgft</subfield></datafield><datafield ind1=' ' ind2='7' tag='655'><subfield code='a'>Biographies</subfield><subfield code='2'>lcgft</subfield></datafield><datafield ind1=' ' ind2='7' tag='655'><subfield code='a'>Interviews.</subfield><subfield code='2'>rvmgf</subfield></datafield><datafield ind1=' ' ind2='7' tag='655'><subfield code='a'>Biographies.</subfield><subfield code='2'>rvmgf</subfield></datafield><datafield ind1='1' ind2='0' tag='600'><subfield code='a'>Mujica Cordano, José Alberto,</subfield><subfield code='d'>1935-2025</subfield><subfield code='v'>Interviews.</subfield></datafield><datafield ind1='1' ind2='7' tag='600'><subfield code='a'>Mujica Cordano, José Alberto,</subfield><subfield code='d'>1934-</subfield><subfield code='2'>fast</subfield><subfield code='0'>(OCoLC)fst00459274</subfield><subfield code='1'>https://id.oclc.org/worldcat/entity/E39PBJrCcY8wF7QthCtxc83YT3</subfield></datafield><datafield ind1=' ' ind2='7' tag='648'><subfield code='a'>Since 1973</subfield><subfield code='2'>fast</subfield></datafield><datafield ind1=' ' ind2=' ' tag='758'><subfield code='i'>has work:</subfield><subfield code='a'>Una oveja negra al poder (Text)</subfield><subfield code='1'>https://id.oclc.org/worldcat/entity/E39PCGgTdftPr33vhPKpTvxjvd</subfield><subfield code='4'>https://id.oclc.org/worldcat/ontology/hasWork</subfield></datafield><datafield ind1='1' ind2=' ' tag='700'><subfield code='a'>Tulbovitz, Ernesto,</subfield><subfield code='d'>1967-</subfield><subfield code='e'>author.</subfield><subfield code='1'>https://id.oclc.org/worldcat/entity/E39PCjxTjh9gdDmcXgxbhWGJpd</subfield></datafield><datafield ind1=' ' ind2='0' tag='830'><subfield code='a'>Política (Editorial Debate)</subfield></datafield><datafield ind1='1' ind2=' ' tag='583'><subfield code='a'>committed to retain</subfield><subfield code='c'>20181001</subfield><subfield code='d'>in perpetuity</subfield><subfield code='f'>ReCAP Shared Collection</subfield><subfield code='5'>HUL</subfield><subfield code='8'>222187124590003941</subfield></datafield><datafield ind1='0' ind2=' ' tag='852'><subfield code='c'>HD</subfield><subfield code='h'>F2729.52.M85</subfield><subfield code='i'>D36 2015b</subfield><subfield code='0'>12702828</subfield><subfield code='b'>scsbhl</subfield></datafield><datafield ind1=' ' ind2=' ' tag='876'><subfield code='0'>12702828</subfield><subfield code='a'>18489951</subfield><subfield code='h'> </subfield><subfield code='j'>Available</subfield><subfield code='k'>WID</subfield><subfield code='p'>32044130266570</subfield><subfield code='x'>Shared</subfield><subfield code='z'>HW</subfield><subfield code='l'>HD</subfield></datafield></record>