
<record><leader>01224nam a2200313 a 4500</leader><controlfield tag='001'>SCSB-13881325</controlfield><controlfield tag='005'>20024617113446.0</controlfield><controlfield tag='008'>991122s1999    cc            000 0 chi d</controlfield><controlfield tag='009'>990082442150203941</controlfield><datafield ind1=' ' ind2=' ' tag='020'><subfield code='a'>7801432428</subfield></datafield><datafield ind1=' ' ind2=' ' tag='035'><subfield code='a'>(OCoLC)42868444</subfield></datafield><datafield ind1=' ' ind2=' ' tag='040'><subfield code='a'>MH-HY</subfield><subfield code='c'>MH-HY</subfield><subfield code='d'>CStRLIN</subfield></datafield><datafield ind1=' ' ind2='4' tag='050'><subfield code='a'>CB19</subfield><subfield code='b'>.K6 1999x</subfield></datafield><datafield ind1=' ' ind2=' ' tag='066'><subfield code='c'>$1</subfield></datafield><datafield ind1='1' ind2=' ' tag='100'><subfield code='6'>880-01</subfield><subfield code='a'>Ke, Yunlu</subfield></datafield><datafield ind1='1' ind2=' ' tag='880'><subfield code='6'>100-01/</subfield><subfield code='a'>柯云路.</subfield></datafield><datafield ind1='1' ind2='0' tag='245'><subfield code='6'>880-02</subfield><subfield code='a'>Ren lei shi jian :</subfield><subfield code='b'>Tou shi ren lei wen hua xian xiang /</subfield><subfield code='c'>Ke Yunlu zhu.</subfield></datafield><datafield ind1='1' ind2='0' tag='880'><subfield code='6'>245-02/</subfield><subfield code='a'>人类时间 :</subfield><subfield code='b'>透视人类文化现象 /</subfield><subfield code='c'>柯云路著.</subfield></datafield><datafield ind1='3' ind2='0' tag='246'><subfield code='6'>880-03</subfield><subfield code='a'>Tou shi ren lei wen hua xian xiang</subfield></datafield><datafield ind1='3' ind2='0' tag='880'><subfield code='6'>246-03/</subfield><subfield code='a'>透视人类文化现象</subfield></datafield><datafield ind1=' ' ind2=' ' tag='250'><subfield code='6'>880-04</subfield><subfield code='a'>Di 1 ban.</subfield></datafield><datafield ind1=' ' ind2=' ' tag='880'><subfield code='6'>250-04/</subfield><subfield code='a'>第1版.</subfield></datafield><datafield ind1=' ' ind2=' ' tag='260'><subfield code='6'>880-05</subfield><subfield code='a'>Beijing :</subfield><subfield code='b'>gai ge chu ban she :</subfield><subfield code='b'>Xin hua shu dian fa xing,</subfield><subfield code='c'>1999.</subfield></datafield><datafield ind1=' ' ind2=' ' tag='880'><subfield code='6'>260-05/</subfield><subfield code='a'>北京 :</subfield><subfield code='b'>改革出版社 :</subfield><subfield code='b'>新華書店发行,</subfield><subfield code='c'>1999.</subfield></datafield><datafield ind1=' ' ind2=' ' tag='300'><subfield code='a'>2 v. (11, 11, 813 p.) ;</subfield><subfield code='c'>21 cm.</subfield></datafield><datafield ind1='0' ind2=' ' tag='505'><subfield code='a'>Shang, wen hua xue pi pan ; -- xia, wen hua xue xin gai nian.</subfield></datafield><datafield ind1=' ' ind2='0' tag='650'><subfield code='a'>Civilization</subfield><subfield code='x'>Philosophy</subfield></datafield><datafield ind1=' ' ind2='0' tag='650'><subfield code='a'>Philosophy</subfield></datafield><datafield ind1=' ' ind2='0' tag='966'><subfield code='8'>0</subfield><subfield code='a'>v. 1-2.</subfield><subfield code='8'>222044133020003941</subfield></datafield><datafield ind1='0' ind2=' ' tag='852'><subfield code='c'>HDC</subfield><subfield code='h'>CB19</subfield><subfield code='i'>.K6 1999x</subfield><subfield code='0'>14803265</subfield><subfield code='b'>scsbhl</subfield></datafield><datafield ind1=' ' ind2=' ' tag='876'><subfield code='0'>14803265</subfield><subfield code='3'>v.2</subfield><subfield code='a'>21238996</subfield><subfield code='h'> </subfield><subfield code='j'>Available</subfield><subfield code='k'>HYL</subfield><subfield code='p'>HYB36W</subfield><subfield code='x'>Uncommittable</subfield><subfield code='z'>HY</subfield><subfield code='l'>HD</subfield></datafield><datafield ind1=' ' ind2=' ' tag='876'><subfield code='0'>14803265</subfield><subfield code='3'>v.1</subfield><subfield code='a'>21238997</subfield><subfield code='h'> </subfield><subfield code='j'>Available</subfield><subfield code='k'>HYL</subfield><subfield code='p'>HYB36X</subfield><subfield code='x'>Uncommittable</subfield><subfield code='z'>HY</subfield><subfield code='l'>HD</subfield></datafield></record>