
<record><leader>00000nam a22003375a 4500</leader><controlfield tag='001'>SCSB-13939776</controlfield><controlfield tag='005'>20070129143811.0</controlfield><controlfield tag='008'>060622s2005    my a          000 0 chi  </controlfield><controlfield tag='009'>990101374210203941</controlfield><datafield ind1=' ' ind2=' ' tag='010'><subfield code='a'>^^2006325317</subfield></datafield><datafield ind1=' ' ind2=' ' tag='020'><subfield code='a'>9834143893</subfield></datafield><datafield ind1=' ' ind2=' ' tag='020'><subfield code='a'>9789834143893</subfield></datafield><datafield ind1=' ' ind2=' ' tag='035'><subfield code='a'>(OCoLC)70197868</subfield></datafield><datafield ind1=' ' ind2=' ' tag='040'><subfield code='a'>DLC-R</subfield><subfield code='c'>DLC</subfield><subfield code='d'>HMY</subfield></datafield><datafield ind1=' ' ind2=' ' tag='042'><subfield code='a'>lcode</subfield></datafield><datafield ind1=' ' ind2='4' tag='050'><subfield code='a'>PL2308</subfield><subfield code='b'>. Z425 2005</subfield></datafield><datafield ind1=' ' ind2=' ' tag='066'><subfield code='c'>$1</subfield></datafield><datafield ind1='1' ind2=' ' tag='100'><subfield code='6'>880-01</subfield><subfield code='a'>Zhang, Manjuan</subfield></datafield><datafield ind1='1' ind2=' ' tag='880'><subfield code='6'>100-01/</subfield><subfield code='a'>張曼娟.</subfield></datafield><datafield ind1='1' ind2='0' tag='245'><subfield code='6'>880-02</subfield><subfield code='a'>Ren jian hao shi jie /</subfield><subfield code='c'>Zhang Manjuan.</subfield></datafield><datafield ind1='1' ind2='0' tag='880'><subfield code='6'>245-02/</subfield><subfield code='a'>人间好时节 /</subfield><subfield code='c'>張曼娟.</subfield></datafield><datafield ind1='1' ind2=' ' tag='246'><subfield code='6'>880-03</subfield><subfield code='i'>Subtitle on cover:</subfield><subfield code='a'>Gu dian shi ci de ren sheng qi shi</subfield></datafield><datafield ind1='1' ind2=' ' tag='880'><subfield code='6'>246-03/</subfield><subfield code='i'>Subtitle on cover:</subfield><subfield code='a'>古典诗词的人生启示</subfield></datafield><datafield ind1=' ' ind2=' ' tag='250'><subfield code='6'>880-04</subfield><subfield code='a'>Chu ban.</subfield></datafield><datafield ind1=' ' ind2=' ' tag='880'><subfield code='6'>250-04/</subfield><subfield code='a'>初版.</subfield></datafield><datafield ind1=' ' ind2=' ' tag='260'><subfield code='6'>880-05</subfield><subfield code='a'>Petaling Jaya, Selangor, Malaysia :</subfield><subfield code='b'>Xing zhou ri bao,</subfield><subfield code='c'>2005.</subfield></datafield><datafield ind1=' ' ind2=' ' tag='880'><subfield code='6'>260-05/</subfield><subfield code='a'>Petaling Jaya, Selangor, Malaysia :</subfield><subfield code='b'>星洲日报,</subfield><subfield code='c'>2005.</subfield></datafield><datafield ind1=' ' ind2=' ' tag='300'><subfield code='a'>207 p. :</subfield><subfield code='b'>col. ill. ;</subfield><subfield code='c'>21cm.</subfield></datafield><datafield ind1=' ' ind2=' ' tag='520'><subfield code='a'>History and criticism on Chinese poetry.</subfield></datafield><datafield ind1=' ' ind2='0' tag='650'><subfield code='a'>Chinese poetry</subfield><subfield code='x'>History and criticism.</subfield></datafield><datafield ind1=' ' ind2='7' tag='655'><subfield code='a'>Criticism, interpretation, etc.</subfield><subfield code='2'>fast</subfield><subfield code='0'>(OCoLC)fst01411635</subfield></datafield><datafield ind1='7' ind2=' ' tag='852'><subfield code='2'>ZHYL</subfield><subfield code='c'>HD</subfield><subfield code='h'>MLC-C</subfield><subfield code='0'>14863665</subfield><subfield code='b'>scsbhl</subfield></datafield><datafield ind1=' ' ind2=' ' tag='876'><subfield code='0'>14863665</subfield><subfield code='a'>21317334</subfield><subfield code='h'> </subfield><subfield code='j'>Available</subfield><subfield code='k'>HYL</subfield><subfield code='p'>HYA55E</subfield><subfield code='x'>Uncommittable</subfield><subfield code='z'>HY</subfield><subfield code='l'>HD</subfield></datafield></record>