
<record><leader>01250cam a2200337 a 4500</leader><controlfield tag='001'>SCSB-13920040</controlfield><controlfield tag='005'>20024617105005.0</controlfield><controlfield tag='008'>900406s1988    cc            000 0 chi  </controlfield><controlfield tag='009'>990041358050203941</controlfield><datafield ind1=' ' ind2=' ' tag='010'><subfield code='a'>90129198 /ACN</subfield></datafield><datafield ind1=' ' ind2=' ' tag='020'><subfield code='a'>7800280063 :</subfield><subfield code='c'>RMBY0.65</subfield></datafield><datafield ind1=' ' ind2=' ' tag='035'><subfield code='a'>(OCoLC)23046872</subfield></datafield><datafield ind1=' ' ind2=' ' tag='040'><subfield code='a'>DLC</subfield><subfield code='c'>DLC</subfield><subfield code='d'>MH-HY</subfield><subfield code='d'>CStRLIN</subfield></datafield><datafield ind1='0' ind2=' ' tag='050'><subfield code='a'>BD638</subfield><subfield code='b'>.H74 1988</subfield></datafield><datafield ind1=' ' ind2=' ' tag='066'><subfield code='c'>$1</subfield></datafield><datafield ind1='1' ind2=' ' tag='100'><subfield code='6'>880-01</subfield><subfield code='a'>Xu, Zhi,</subfield><subfield code='d'>1932-</subfield></datafield><datafield ind1='1' ind2=' ' tag='880'><subfield code='6'>100-01/</subfield><subfield code='a'>徐志,</subfield><subfield code='d'>1932-</subfield></datafield><datafield ind1='1' ind2='0' tag='245'><subfield code='6'>880-02</subfield><subfield code='a'>Shi jian yu ren sheng /</subfield><subfield code='c'>Xu Zhi, Cheng Yu bian zhu.</subfield></datafield><datafield ind1='1' ind2='0' tag='880'><subfield code='6'>245-02/</subfield><subfield code='a'>时间与人生 /</subfield><subfield code='c'>徐志, 程玉编著.</subfield></datafield><datafield ind1=' ' ind2=' ' tag='250'><subfield code='6'>880-03</subfield><subfield code='a'>Di 1 ban.</subfield></datafield><datafield ind1=' ' ind2=' ' tag='880'><subfield code='6'>250-03/</subfield><subfield code='a'>第1版.</subfield></datafield><datafield ind1=' ' ind2=' ' tag='260'><subfield code='6'>880-04</subfield><subfield code='a'>Beijing :</subfield><subfield code='b'>Xian dai chu ban she :</subfield><subfield code='b'>Xin hua shu dian Beijing fa xing suo fa xing,</subfield><subfield code='c'>1988.</subfield></datafield><datafield ind1=' ' ind2=' ' tag='880'><subfield code='6'>260-04/</subfield><subfield code='a'>北京 :</subfield><subfield code='b'>现代出版社 :</subfield><subfield code='b'>新华书店北京发行所发行,</subfield><subfield code='c'>1988.</subfield></datafield><datafield ind1=' ' ind2=' ' tag='300'><subfield code='a'>3, 67 p. ;</subfield><subfield code='c'>17 cm.</subfield></datafield><datafield ind1=' ' ind2=' ' tag='500'><subfield code='a'>Includes songs in number notation.</subfield></datafield><datafield ind1=' ' ind2='0' tag='650'><subfield code='a'>Time.</subfield></datafield><datafield ind1='1' ind2=' ' tag='700'><subfield code='6'>880-05</subfield><subfield code='a'>Cheng, Yu</subfield></datafield><datafield ind1='1' ind2=' ' tag='880'><subfield code='6'>700-05/</subfield><subfield code='a'>程玉.</subfield></datafield><datafield ind1='1' ind2=' ' tag='583'><subfield code='a'>committed to retain</subfield><subfield code='c'>20170930</subfield><subfield code='d'>20421231</subfield><subfield code='f'>HathiTrust</subfield><subfield code='5'>HUL</subfield><subfield code='8'>221895436180003941</subfield></datafield><datafield ind1='7' ind2=' ' tag='852'><subfield code='2'>ZHYL</subfield><subfield code='c'>HD</subfield><subfield code='h'>6839.2</subfield><subfield code='i'>2943</subfield><subfield code='8'>221895436180003941</subfield><subfield code='0'>14843342</subfield><subfield code='b'>scsbhl</subfield></datafield><datafield ind1=' ' ind2=' ' tag='876'><subfield code='0'>14843342</subfield><subfield code='a'>21292243</subfield><subfield code='j'>Available</subfield><subfield code='k'>HYL</subfield><subfield code='p'>HY41B5</subfield><subfield code='x'>Uncommittable</subfield><subfield code='z'>HY</subfield><subfield code='l'>HD</subfield></datafield></record>