
<record><leader>01705cam a2200481 a 4500</leader><controlfield tag='001'>SCSB-4660881</controlfield><controlfield tag='003'>NNC</controlfield><controlfield tag='005'>20221026234416.0</controlfield><controlfield tag='008'>030214s2000    cc a     b    000 0 chi d</controlfield><controlfield tag='009'>3899044</controlfield><datafield ind1=' ' ind2=' ' tag='010'><subfield code='a'>  2002477415</subfield></datafield><datafield ind1=' ' ind2=' ' tag='020'><subfield code='a'>7505819585</subfield></datafield><datafield ind1=' ' ind2=' ' tag='035'><subfield code='a'>(OCoLC)502947877</subfield></datafield><datafield ind1=' ' ind2=' ' tag='035'><subfield code='a'>(OCoLC)ocn502947877</subfield></datafield><datafield ind1=' ' ind2=' ' tag='035'><subfield code='a'>(CStRLIN)NYCP03-B1376</subfield></datafield><datafield ind1=' ' ind2=' ' tag='035'><subfield code='a'>(NNC)3899044</subfield></datafield><datafield ind1=' ' ind2=' ' tag='035'><subfield code='a'>3899044</subfield></datafield><datafield ind1=' ' ind2=' ' tag='040'><subfield code='a'>CE@</subfield><subfield code='c'>CE@</subfield><subfield code='d'>NDD</subfield><subfield code='d'>MiU-A</subfield><subfield code='d'>DLC-R</subfield></datafield><datafield ind1=' ' ind2=' ' tag='042'><subfield code='a'>lccopycat</subfield></datafield><datafield ind1=' ' ind2=' ' tag='043'><subfield code='a'>a-cc---</subfield></datafield><datafield ind1='0' ind2='0' tag='050'><subfield code='a'>HN740.Z9</subfield><subfield code='b'>T58 2000</subfield></datafield><datafield ind1=' ' ind2=' ' tag='066'><subfield code='c'>$1</subfield></datafield><datafield ind1=' ' ind2=' ' tag='079'><subfield code='a'>ocm50944252</subfield></datafield><datafield ind1=' ' ind2=' ' tag='090'><subfield code='i'>02/14/03 N</subfield></datafield><datafield ind1='1' ind2=' ' tag='100'><subfield code='6'>880-01</subfield><subfield code='a'>Wang, Qiyan.</subfield><subfield code='0'>http://id.loc.gov/authorities/names/nr93051625</subfield></datafield><datafield ind1='1' ind2='0' tag='245'><subfield code='6'>880-02</subfield><subfield code='a'>Zhongguo ren de sheng huo shi jian fen pei /</subfield><subfield code='c'>Wang Qiyan zhu.</subfield></datafield><datafield ind1='1' ind2='4' tag='246'><subfield code='a'>Time allocation of Chinese</subfield></datafield><datafield ind1=' ' ind2=' ' tag='250'><subfield code='6'>880-03</subfield><subfield code='a'>Di 1 ban.</subfield></datafield><datafield ind1=' ' ind2=' ' tag='260'><subfield code='6'>880-04</subfield><subfield code='a'>Beijing :</subfield><subfield code='b'>Jing ji ke xue chu ban she,</subfield><subfield code='c'>2000.</subfield></datafield><datafield ind1=' ' ind2=' ' tag='300'><subfield code='a'>6, 3, 269 pages :</subfield><subfield code='b'>illustrations ;</subfield><subfield code='c'>21 cm.</subfield></datafield><datafield ind1=' ' ind2=' ' tag='336'><subfield code='a'>text</subfield><subfield code='b'>txt</subfield><subfield code='2'>rdacontent</subfield></datafield><datafield ind1=' ' ind2=' ' tag='337'><subfield code='a'>unmediated</subfield><subfield code='b'>n</subfield><subfield code='2'>rdamedia</subfield></datafield><datafield ind1='1' ind2=' ' tag='490'><subfield code='6'>880-05</subfield><subfield code='a'>Shi jian fen pei zhu zuo ;</subfield><subfield code='v'>2</subfield></datafield><datafield ind1=' ' ind2=' ' tag='504'><subfield code='a'>Includes bibliographical references (p. 263-266).</subfield></datafield><datafield ind1=' ' ind2='0' tag='650'><subfield code='a'>Time management surveys</subfield><subfield code='z'>China.</subfield></datafield><datafield ind1=' ' ind2='0' tag='830'><subfield code='6'>880-06</subfield><subfield code='a'>Shi jian fen pei zhu zuo ;</subfield><subfield code='v'>2.</subfield><subfield code='0'>http://id.loc.gov/authorities/names/n2002061630</subfield></datafield><datafield ind1='1' ind2=' ' tag='880'><subfield code='6'>100-01/$1</subfield><subfield code='a'>王　琪延.</subfield></datafield><datafield ind1='1' ind2='0' tag='880'><subfield code='6'>245-02/$1</subfield><subfield code='a'>中国人　的　生活　时间　分配 /</subfield><subfield code='c'>王　琪延　著.</subfield></datafield><datafield ind1=' ' ind2=' ' tag='880'><subfield code='6'>250-03/$1</subfield><subfield code='a'>第1版.</subfield></datafield><datafield ind1=' ' ind2=' ' tag='880'><subfield code='6'>260-04/$1</subfield><subfield code='a'>北京 :</subfield><subfield code='b'>经济　科学　出版社,</subfield><subfield code='c'>2000.</subfield></datafield><datafield ind1='1' ind2=' ' tag='880'><subfield code='6'>490-05/$1</subfield><subfield code='a'>时间　分配　著作 ;</subfield><subfield code='v'>2</subfield></datafield><datafield ind1=' ' ind2='0' tag='880'><subfield code='6'>830-06/$1</subfield><subfield code='a'>时间　分配　著作 ;</subfield><subfield code='v'>2.</subfield></datafield><datafield ind1='0' ind2='0' tag='852'><subfield code='h'>HN740.Z9 T58 2000</subfield><subfield code='0'>4668757</subfield><subfield code='b'>scsbcul</subfield></datafield><datafield ind1=' ' ind2=' ' tag='876'><subfield code='0'>4668757</subfield><subfield code='a'>6875726</subfield><subfield code='h'> </subfield><subfield code='j'>Available</subfield><subfield code='p'>CU73707945</subfield><subfield code='t'>1</subfield><subfield code='x'>Shared</subfield><subfield code='z'>CU</subfield><subfield code='l'>RECAP</subfield></datafield></record>