
<record><leader>01600cam a2200361 a 4500</leader><controlfield tag='001'>SCSB-13773041</controlfield><controlfield tag='005'>20024617105005.0</controlfield><controlfield tag='008'>910426s1988    cc            000 0 chi  </controlfield><controlfield tag='009'>990073727880203941</controlfield><datafield ind1=' ' ind2=' ' tag='010'><subfield code='a'>91136803 /ACN</subfield></datafield><datafield ind1=' ' ind2=' ' tag='020'><subfield code='a'>7800351270</subfield></datafield><datafield ind1=' ' ind2=' ' tag='035'><subfield code='a'>(OCoLC)24913484</subfield></datafield><datafield ind1=' ' ind2=' ' tag='040'><subfield code='a'>DLC</subfield><subfield code='c'>DLC</subfield><subfield code='d'>MH-HY</subfield><subfield code='d'>CStRLIN</subfield></datafield><datafield ind1='0' ind2=' ' tag='050'><subfield code='a'>PN1991.77.W8</subfield><subfield code='b'>W8 1988</subfield></datafield><datafield ind1=' ' ind2=' ' tag='066'><subfield code='c'>$1</subfield></datafield><datafield ind1='0' ind2='0' tag='245'><subfield code='6'>880-01</subfield><subfield code='a'>Wu jian ban xiao shi jie mu gao jing xuan /</subfield><subfield code='c'>Zhong yang ren min guang bo dian tai &quot;Wu jian ban xiao shi&quot; jie mu zu bian.</subfield></datafield><datafield ind1='0' ind2='0' tag='880'><subfield code='6'>245-01/</subfield><subfield code='a'>午间半小时节目稿精选 /</subfield><subfield code='c'>中央人民广播电台《午间半小时》节目组编.</subfield></datafield><datafield ind1=' ' ind2=' ' tag='250'><subfield code='6'>880-02</subfield><subfield code='a'>Di 1 ban.</subfield></datafield><datafield ind1=' ' ind2=' ' tag='880'><subfield code='6'>250-02/</subfield><subfield code='a'>第1版.</subfield></datafield><datafield ind1=' ' ind2=' ' tag='260'><subfield code='6'>880-03</subfield><subfield code='a'>Beijing :</subfield><subfield code='b'>Zhongguo guo ji guang bo chu ban she,</subfield><subfield code='c'>1988.</subfield></datafield><datafield ind1=' ' ind2=' ' tag='880'><subfield code='6'>260-03/</subfield><subfield code='a'>北京 :</subfield><subfield code='b'>中国国际广播出版社,</subfield><subfield code='c'>1988.</subfield></datafield><datafield ind1=' ' ind2=' ' tag='300'><subfield code='a'>2, 6, 232 p. ;</subfield><subfield code='c'>19 cm.</subfield></datafield><datafield ind1='0' ind2='0' tag='630'><subfield code='6'>880-04</subfield><subfield code='a'>Wu jian ban xiao shi (Radio program)</subfield></datafield><datafield ind1='0' ind2='0' tag='880'><subfield code='6'>630-04/</subfield><subfield code='a'>午间半小时 (Radio program)</subfield></datafield><datafield ind1='2' ind2=' ' tag='710'><subfield code='6'>880-05</subfield><subfield code='a'>Zhong yang ren min guang bo dian tai (Beijing, China).</subfield><subfield code='b'>&quot;Wu jian ban xiao shi&quot; jie mu zu.</subfield></datafield><datafield ind1='2' ind2=' ' tag='880'><subfield code='6'>710-05/</subfield><subfield code='a'>中央人民广播电台 (Beijing, China).</subfield><subfield code='b'>《午间半小时》节目组.</subfield></datafield><datafield ind1='0' ind2=' ' tag='730'><subfield code='6'>880-06</subfield><subfield code='a'>Wu jian ban xiao shi (Radio program)</subfield></datafield><datafield ind1='0' ind2=' ' tag='880'><subfield code='6'>730-06/</subfield><subfield code='a'>午间半小时 (Radio program)</subfield></datafield><datafield ind1='0' ind2=' ' tag='852'><subfield code='c'>HDC</subfield><subfield code='h'>PN1991.77.W8</subfield><subfield code='i'>W8 1988</subfield><subfield code='0'>14691182</subfield><subfield code='b'>scsbhl</subfield></datafield><datafield ind1=' ' ind2=' ' tag='876'><subfield code='0'>14691182</subfield><subfield code='a'>21097858</subfield><subfield code='h'> </subfield><subfield code='j'>Available</subfield><subfield code='k'>HYL</subfield><subfield code='p'>HY38SG</subfield><subfield code='x'>Uncommittable</subfield><subfield code='z'>HY</subfield><subfield code='l'>HD</subfield></datafield></record>