
<record><leader>00489nam a2200097 a 4500</leader><controlfield tag='001'>SCSB-6095682</controlfield><controlfield tag='008'>                                   eng  </controlfield><controlfield tag='009'>.b158447487</controlfield><datafield ind1=' ' ind2='0' tag='245'><subfield code='a'>New Jersey. Passaic County Area including Pompton Lakes Yellow pages. White pages and Yellow pages.</subfield></datafield><datafield ind1=' ' ind2=' ' tag='907'><subfield code='a'>.b158447487</subfield><subfield code='c'>m</subfield><subfield code='d'>a</subfield><subfield code='e'>q</subfield><subfield code='f'>eng</subfield><subfield code='h'>0</subfield><subfield code='i'>1</subfield></datafield><datafield ind1='8' ind2=' ' tag='852'><subfield code='h'>Telephone directories (United States. New Jersey.)</subfield><subfield code='0'>6115733</subfield><subfield code='b'>scsbnypl</subfield></datafield><datafield ind1=' ' ind2=' ' tag='866'><subfield code='a'>1995/1995</subfield><subfield code='0'>6115733</subfield></datafield><datafield ind1=' ' ind2=' ' tag='876'><subfield code='0'>6115733</subfield><subfield code='3'>1995/1995</subfield><subfield code='a'>10058940</subfield><subfield code='h'>In Library Use</subfield><subfield code='j'>Available</subfield><subfield code='p'>33433022801389</subfield><subfield code='t'>1</subfield><subfield code='x'>Shared</subfield><subfield code='z'>NA</subfield><subfield code='l'>RECAP</subfield></datafield></record>