
<record><leader>01053cam a2200289 a 4500</leader><controlfield tag='001'>SCSB-3962440</controlfield><controlfield tag='003'>NNC</controlfield><controlfield tag='005'>20221012230845.0</controlfield><controlfield tag='008'>890420s1903    nju          s000 0 eng d</controlfield><controlfield tag='009'>2714840</controlfield><datafield ind1=' ' ind2=' ' tag='035'><subfield code='a'>(OCoLC)ocm19574264</subfield></datafield><datafield ind1=' ' ind2=' ' tag='035'><subfield code='9'>ARG7582CU</subfield></datafield><datafield ind1=' ' ind2=' ' tag='035'><subfield code='a'>2714840</subfield></datafield><datafield ind1=' ' ind2=' ' tag='040'><subfield code='a'>NJL</subfield><subfield code='c'>NJL</subfield><subfield code='d'>ZCU</subfield></datafield><datafield ind1=' ' ind2=' ' tag='043'><subfield code='a'>n-us-nj</subfield></datafield><datafield ind1=' ' ind2=' ' tag='099'><subfield code='a'>628.3</subfield><subfield code='a'>P26</subfield></datafield><datafield ind1='2' ind2=' ' tag='110'><subfield code='a'>Passaic Valley Sewerage Commission (N.J.)</subfield><subfield code='0'>http://id.loc.gov/authorities/names/n81025128</subfield></datafield><datafield ind1='1' ind2='0' tag='245'><subfield code='a'>Special report of the Passaic Valley Sewerage Commissioners to the governor of the state of New Jersey.</subfield></datafield><datafield ind1=' ' ind2=' ' tag='260'><subfield code='a'>[Newark, N.J.] :</subfield><subfield code='b'>[The Commission],</subfield><subfield code='c'>[1903]</subfield><subfield code='e'>(Newark, N.J. :</subfield><subfield code='f'>Baker Printing Co.)</subfield></datafield><datafield ind1=' ' ind2=' ' tag='300'><subfield code='a'>39 pages ;</subfield><subfield code='c'>23 cm</subfield></datafield><datafield ind1=' ' ind2=' ' tag='336'><subfield code='a'>text</subfield><subfield code='b'>txt</subfield><subfield code='2'>rdacontent</subfield></datafield><datafield ind1=' ' ind2=' ' tag='337'><subfield code='a'>unmediated</subfield><subfield code='b'>n</subfield><subfield code='2'>rdamedia</subfield></datafield><datafield ind1=' ' ind2=' ' tag='500'><subfield code='a'>Submitted June 8, 1903.</subfield></datafield><datafield ind1=' ' ind2='0' tag='650'><subfield code='a'>Sewerage</subfield><subfield code='z'>New Jersey</subfield><subfield code='z'>Passaic River Valley.</subfield></datafield><datafield ind1=' ' ind2='0' tag='650'><subfield code='a'>Water</subfield><subfield code='x'>Pollution</subfield><subfield code='z'>New Jersey</subfield><subfield code='z'>Passaic River Valley.</subfield></datafield><datafield ind1=' ' ind2='0' tag='650'><subfield code='a'>Sewage disposal in rivers, lakes, etc.</subfield><subfield code='z'>New Jersey</subfield><subfield code='z'>Passaic River Valley.</subfield></datafield><datafield ind1='8' ind2='0' tag='852'><subfield code='h'>628.3 P26</subfield><subfield code='0'>3972693</subfield><subfield code='b'>scsbcul</subfield></datafield><datafield ind1=' ' ind2=' ' tag='876'><subfield code='0'>3972693</subfield><subfield code='a'>5789463</subfield><subfield code='h'> </subfield><subfield code='j'>Available</subfield><subfield code='p'>CU55752446</subfield><subfield code='t'>1</subfield><subfield code='x'>Shared</subfield><subfield code='z'>CU</subfield><subfield code='l'>RECAP</subfield></datafield></record>