
<record><leader>00000cam a2200325 a 4500</leader><controlfield tag='001'>SCSB-11928912</controlfield><controlfield tag='005'>20041004122031.0</controlfield><controlfield tag='008'>030317s2003    nju           000 0 eng  </controlfield><controlfield tag='009'>990094672960203941</controlfield><datafield ind1=' ' ind2=' ' tag='010'><subfield code='a'>^^2003005943</subfield></datafield><datafield ind1=' ' ind2=' ' tag='020'><subfield code='a'>0813533163 (alk. paper)</subfield></datafield><datafield ind1=' ' ind2=' ' tag='020'><subfield code='a'>0813533171 (pbk. : alk. paper)</subfield></datafield><datafield ind1=' ' ind2=' ' tag='035'><subfield code='a'>(OCoLC)51905761</subfield><subfield code='z'>(OCoLC)53123076</subfield><subfield code='z'>(OCoLC)1022630443</subfield></datafield><datafield ind1=' ' ind2=' ' tag='040'><subfield code='a'>DLC</subfield><subfield code='c'>DLC</subfield><subfield code='d'>SYB</subfield></datafield><datafield ind1='0' ind2=' ' tag='041'><subfield code='a'>eng</subfield><subfield code='h'>eng</subfield></datafield><datafield ind1=' ' ind2=' ' tag='043'><subfield code='a'>n-us-nj</subfield></datafield><datafield ind1='0' ind2='0' tag='050'><subfield code='a'>PS548.N5</subfield><subfield code='b'>I83 2003</subfield></datafield><datafield ind1='0' ind2='0' tag='082'><subfield code='a'>810.8/08510749</subfield><subfield code='2'>21</subfield></datafield><datafield ind1='0' ind2='0' tag='245'><subfield code='a'>Italian American writers on New Jersey :</subfield><subfield code='b'>an anthology of poetry and prose /</subfield><subfield code='c'>edited by Jennifer Gillan, Maria Mazziotti Gillan, and Edvige Giunta.</subfield></datafield><datafield ind1=' ' ind2=' ' tag='260'><subfield code='a'>New Brunswick, N.J. :</subfield><subfield code='b'>Rutgers University Press,</subfield><subfield code='c'>c2003.</subfield></datafield><datafield ind1=' ' ind2=' ' tag='300'><subfield code='a'>xvi, 290 p. ;</subfield><subfield code='c'>24 cm.</subfield></datafield><datafield ind1='0' ind2='0' tag='505'><subfield code='g'>Introduction /</subfield><subfield code='r'>Jennifer Gillan ... [et al.] --</subfield><subfield code='g'>PART ONE : LOOKING BACK --</subfield><subfield code='t'>Combat zones /</subfield><subfield code='r'>Louise DeSalvo --</subfield><subfield code='t'>Ocean city: unto the sons /</subfield><subfield code='r'>Gay Talese --</subfield><subfield code='t'>Hoboken: three circles of light /</subfield><subfield code='r'>Pietro di Donato --</subfield><subfield code='t'>Trenton /</subfield><subfield code='r'>Grace Cavalieri --</subfield><subfield code='t'>Montclair memories: personal reflections and on oral interview /</subfield><subfield code='r'>Marisa S. Trubiano --</subfield><subfield code='t'>Litania for my mother&apos;s hands ;</subfield><subfield code='t'>Gardener /</subfield><subfield code='r'>Edvidge Giunta --</subfield><subfield code='t'>A trip home /</subfield><subfield code='r'>David Della Fera -- 1915: mill song /</subfield><subfield code='r'>William Harry Harding --</subfield><subfield code='t'>Rebel girls /</subfield><subfield code='r'>Jennifer Guglielmo --</subfield><subfield code='t'>We must rebel! /</subfield><subfield code='r'>Maria Barbieri --</subfield><subfield code='t'>To the women workers /</subfield><subfield code='r'>Maria Roda --</subfield><subfield code='t'>Paterson: 1913 /</subfield><subfield code='r'>Josephine Stifano --</subfield><subfield code='t'>Time&apos;s end /</subfield><subfield code='r'>Arturo Giovannitti --</subfield><subfield code='t'>Dye house strike, 1933 /</subfield><subfield code='r'>Arturo Mazziotti --</subfield><subfield code='t'>Downtown Paterson /</subfield><subfield code='r'>Tom DeBlasio Carroll --</subfield><subfield code='t'>The tangerine plymouth and the gilded cage /</subfield><subfield code='r'>Rachel Guido de Vries --</subfield><subfield code='t'>Paterson, New Jersey /</subfield><subfield code='r'>Carole Maso --</subfield><subfield code='t'>Public school no. 18, Paterson, New Jersey ;</subfield><subfield code='t'>In the stacks at the Paterson Public Library ;</subfield><subfield code='t'>Growing up Italian in Paterson, New Jersey /</subfield><subfield code='r'>Maria Mazziotti Gillan --</subfield><subfield code='g'>PART TWO : BLENDING IN --</subfield><subfield code='t'>Scents /</subfield><subfield code='r'>Maria Laurino --</subfield><subfield code='t'>Daddy, we called you /</subfield><subfield code='r'>Maria Mazziotti Gillan --</subfield><subfield code='t'>Third-generation Hawthorne /</subfield><subfield code='r'>Jennifer Gillan --</subfield><subfield code='t'>Race riot /</subfield><subfield code='r'>Tom Perrotta --</subfield><subfield code='t'>Dorissa /</subfield><subfield code='r'>Daniela Gioseffi --</subfield><subfield code='t'>Strike one: seaside heights, New Jersey /</subfield><subfield code='r'>Annie Rachele Lanzillotto --</subfield><subfield code='t'>Lyndhurst memories /</subfield><subfield code='r'>Ed Smith --</subfield><subfield code='t'>Quench a plant&apos;s thirst ;</subfield><subfield code='t'>St. Therese /</subfield><subfield code='r'>Edvige Giunta --</subfield><subfield code='t'>Nevertheless, it moves /</subfield><subfield code='r'>Susanne Antonetta --</subfield><subfield code='g'>PART THREE : CROSSING BRIDGES --</subfield><subfield code='t'>Hungry dog /</subfield><subfield code='r'>Agnes Rossi --</subfield><subfield code='t'>Letter from New Jersey /</subfield><subfield code='r'>Diane di Prima --</subfield><subfield code='t'>On the beaches of Wildwood, New Jersey ;</subfield><subfield code='t'>June Wednesdays /</subfield><subfield code='r'>Mary Ann Mannino --</subfield><subfield code='t'>Suburban backyards /</subfield><subfield code='r'>June Avignone --</subfield><subfield code='t'>Jersey tomato wars /</subfield><subfield code='r'>Mary Ann Castronovo Fusco --</subfield><subfield code='t'>I check other /</subfield><subfield code='r'>Carla Guerriero --</subfield><subfield code='t'>Miracle baby: a boy named Phyllis /</subfield><subfield code='r'>Frank DeCaro --</subfield><subfield code='t'>Class quartet /</subfield><subfield code='r'>Janet Zandy --</subfield><subfield code='t'>Moving to Wood-Ridge /</subfield><subfield code='r'>Bill Ervolino --</subfield><subfield code='t'>Pizza /</subfield><subfield code='r'>Michele Linfante --</subfield><subfield code='t'>Snowball /</subfield><subfield code='r'>Rosette Capotorto --</subfield><subfield code='t'>Passaic River crossing /</subfield><subfield code='r'>Flavia Alaya --</subfield><subfield code='t'>Lincoln tunnel: Jersey bound /</subfield><subfield code='r'>Salvatore Amico M. Buttaci --</subfield><subfield code='t'>Summer job /</subfield><subfield code='r'>Frank Finale --</subfield><subfield code='g'>PART FOUR : CHANGING DIRECTION --</subfield><subfield code='t'>Liberating memory /</subfield><subfield code='r'>Janet Zandy --</subfield><subfield code='t'>Circolo /</subfield><subfield code='r'>Michele Linfante --</subfield><subfield code='t'>Bald /</subfield><subfield code='r'>Loryn Lipari --</subfield><subfield code='t'>Today your name is Mary /</subfield><subfield code='r'>Carole Maso --</subfield><subfield code='t'>Carlton Fredricks and my mother /</subfield><subfield code='r'>Maria Mazziotti Gillan --</subfield><subfield code='t'>Greenwood Lake /</subfield><subfield code='r'>Diane di Prima --</subfield><subfield code='t'>Elizabeth /</subfield><subfield code='r'>Suzanne Antonetta.</subfield></datafield><datafield ind1=' ' ind2=' ' tag='520'><subfield code='a'>This anthology gathers fiction, poetry, memoirs, oral histories, and journalistic pieces by some of the best writers to chronicle the Italian American experience in the Garden State. These works focus on ethnic identity and the distinctive culture of New Jersey, which has long been home to a large and vital Italian American community.</subfield></datafield><datafield ind1=' ' ind2='0' tag='650'><subfield code='a'>American literature</subfield><subfield code='z'>New Jersey.</subfield></datafield><datafield ind1=' ' ind2='0' tag='650'><subfield code='a'>American literature</subfield><subfield code='x'>Italian American authors</subfield></datafield><datafield ind1=' ' ind2='0' tag='650'><subfield code='a'>Italian Americans</subfield><subfield code='v'>Literary collections.</subfield></datafield><datafield ind1=' ' ind2='0' tag='651'><subfield code='a'>New Jersey</subfield><subfield code='v'>Literary collections.</subfield></datafield><datafield ind1=' ' ind2='7' tag='655'><subfield code='a'>Literary collections</subfield><subfield code='2'>fast</subfield></datafield><datafield ind1=' ' ind2='7' tag='655'><subfield code='a'>Short stories</subfield><subfield code='2'>lcgft</subfield></datafield><datafield ind1=' ' ind2='7' tag='655'><subfield code='a'>Fiction</subfield><subfield code='2'>lcgft</subfield></datafield><datafield ind1=' ' ind2='7' tag='655'><subfield code='a'>Poetry</subfield><subfield code='2'>lcgft</subfield></datafield><datafield ind1=' ' ind2='7' tag='655'><subfield code='a'>Autobiographies</subfield><subfield code='2'>lcgft</subfield></datafield><datafield ind1=' ' ind2='7' tag='655'><subfield code='a'>Literature</subfield><subfield code='2'>lcgft</subfield></datafield><datafield ind1='1' ind2=' ' tag='700'><subfield code='a'>Gillan, Jennifer</subfield></datafield><datafield ind1='1' ind2=' ' tag='700'><subfield code='a'>Gillan, Maria M.</subfield></datafield><datafield ind1='1' ind2=' ' tag='700'><subfield code='a'>Giunta, Edvige</subfield></datafield><datafield ind1='1' ind2=' ' tag='583'><subfield code='a'>committed to retain</subfield><subfield code='c'>20181001</subfield><subfield code='d'>in perpetuity</subfield><subfield code='f'>ReCAP Shared Collection</subfield><subfield code='5'>HUL</subfield><subfield code='8'>222088477430003941</subfield></datafield><datafield ind1='0' ind2=' ' tag='852'><subfield code='c'>HD</subfield><subfield code='h'>PS548.N5</subfield><subfield code='i'>I83 2003</subfield><subfield code='0'>12752230</subfield><subfield code='b'>scsbhl</subfield></datafield><datafield ind1=' ' ind2=' ' tag='876'><subfield code='0'>12752230</subfield><subfield code='a'>18541199</subfield><subfield code='h'> </subfield><subfield code='j'>Available</subfield><subfield code='k'>WID</subfield><subfield code='p'>HXMXZC</subfield><subfield code='x'>Shared</subfield><subfield code='z'>HW</subfield><subfield code='l'>HD</subfield></datafield></record>