
<record><leader>00000cam a2200409 a 4500</leader><controlfield tag='001'>SCSB-11867754</controlfield><controlfield tag='005'>20041213161820.0</controlfield><controlfield tag='008'>040928s2004    cauach   bc   000 0 eng  </controlfield><controlfield tag='009'>990094851580203941</controlfield><datafield ind1=' ' ind2=' ' tag='010'><subfield code='a'>^^2004049800</subfield></datafield><datafield ind1=' ' ind2=' ' tag='020'><subfield code='a'>0520244087 (cloth : alk. paper)</subfield></datafield><datafield ind1=' ' ind2=' ' tag='020'><subfield code='a'>0520244095 (pbk. : alk. paper)</subfield></datafield><datafield ind1=' ' ind2=' ' tag='035'><subfield code='a'>(OCoLC)55109185</subfield><subfield code='z'>(OCoLC)56643062</subfield><subfield code='z'>(OCoLC)56787682</subfield><subfield code='z'>(OCoLC)57145102</subfield><subfield code='z'>(OCoLC)70876221</subfield><subfield code='z'>(OCoLC)225677266</subfield><subfield code='z'>(OCoLC)1008274589</subfield><subfield code='z'>(OCoLC)1059210831</subfield><subfield code='z'>(OCoLC)1113201770</subfield><subfield code='z'>(OCoLC)1169825772</subfield><subfield code='z'>(OCoLC)1419341614</subfield></datafield><datafield ind1=' ' ind2=' ' tag='040'><subfield code='a'>DLC</subfield><subfield code='c'>DLC</subfield><subfield code='d'>CLMCA</subfield><subfield code='d'>CaQMCCA</subfield><subfield code='d'>MH-FA</subfield></datafield><datafield ind1=' ' ind2=' ' tag='043'><subfield code='a'>n-us---</subfield></datafield><datafield ind1='0' ind2='0' tag='050'><subfield code='a'>N6537.S6184</subfield><subfield code='b'>A4 2004</subfield></datafield><datafield ind1=' ' ind2='4' tag='060'><subfield code='a'>N 6537</subfield><subfield code='b'>S647 2004</subfield></datafield><datafield ind1='0' ind2='0' tag='245'><subfield code='a'>Robert Smithson /</subfield><subfield code='c'>organized by Eugenie Tsai and Cornelia Butler ; additional essay by Thomas Crow ; texts by Alexander Alberro ... [et al.] ; interview with Robert Smithson by Moira Roth.</subfield></datafield><datafield ind1=' ' ind2=' ' tag='260'><subfield code='a'>Los Angeles :</subfield><subfield code='b'>Museum of Contemporary Art ;</subfield><subfield code='a'>Berkeley :</subfield><subfield code='b'>University of California Press,</subfield><subfield code='c'>c2004.</subfield></datafield><datafield ind1=' ' ind2=' ' tag='300'><subfield code='a'>280 p. :</subfield><subfield code='b'>ill. (some col.), facsims., ports. ;</subfield><subfield code='c'>28 cm.</subfield></datafield><datafield ind1=' ' ind2=' ' tag='500'><subfield code='a'>Catalogue of an exhibition held at the Museum of Contemporary Art, Los Angeles, Sept. 12-Dec. 13, 2004, the Dallas Museum of Art, Jan. 14-Apr. 3, 2005, and the Whitney Museum of American Art, June 23-Oct. 16, 2005.</subfield></datafield><datafield ind1=' ' ind2=' ' tag='504'><subfield code='a'>Includes bibliographical references (p. 273-276).</subfield></datafield><datafield ind1='0' ind2=' ' tag='505'><subfield code='a'>Robert Smithson: plotting a line from Passaic, New Jersey, to Amarillo, Texas / Eugenie Tsai -- Cosmic exile: prophetic turns in the life and art of Robert Smithson / Thomas Crow -- An interview with Robert Smithson (1973) / Moira Roth ; edited by Naomi Sawelson-Gorse -- The taste of time: salt and the Spiral Jetty / Jennifer L. Roberts -- Enantiomorphic models / Ann Reynolds -- Robert Smithson&apos;s proposal for a monument at Antarctica / Robert A. Sobieszek -- Towards &quot;a new type of building&quot;: Robert Smithson&apos;s architectural criticism / Mark Linder -- In the Yucatán: mirroring presence and absence / Suzaan Boettger -- &quot;A heap of language&quot;: Robert Smithson and American hieroglyphics / Richard Sieburth -- A lurid presence: Smithson&apos;s legacy and post-studio art / Cornelia Butler -- The Catalogue of Robert Smithson&apos;s library / Alexander Alberro -- Catalogue of Robert Smithson&apos;s library: books, magazines, and records.</subfield></datafield><datafield ind1='1' ind2=' ' tag='520'><subfield code='a'>&quot;This fully illustrated 280-page book accompanies the first comprehensive American retrospective of Robert Smithson&apos;s (1938-1973) complex and highly influential body of work. Perhaps best known as the creator of Spiral Jetty, a fifteen-hundred-foot rock coil dramatically situated in Utah&apos;s Great Salt Lake, Smithson also broke new ground with his films, photographs, writings, drawings, sculptures, and collages. His oeuvre defied convention, utilizing nontraditional art materials such as mirrors, maps, concrete, earth, and asphalt - in addition to language, as both a written and visual medium. Smithson&apos;s revolutionary ideas moved art beyond the walls of the museum into the landscape itself.&quot;--Jacket.</subfield></datafield><datafield ind1='1' ind2='0' tag='600'><subfield code='a'>Smithson, Robert</subfield><subfield code='v'>Exhibitions.</subfield></datafield><datafield ind1='1' ind2='0' tag='600'><subfield code='a'>Smithson, Robert</subfield><subfield code='x'>Criticism and interpretation.</subfield></datafield><datafield ind1=' ' ind2='7' tag='655'><subfield code='a'>Criticism, interpretation, etc.</subfield><subfield code='2'>fast</subfield></datafield><datafield ind1=' ' ind2='7' tag='655'><subfield code='a'>Exhibition catalogs</subfield><subfield code='2'>fast</subfield></datafield><datafield ind1=' ' ind2='7' tag='655'><subfield code='a'>Criticism, interpretation, etc.</subfield><subfield code='2'>fast</subfield><subfield code='0'>(OCoLC)fst01411635</subfield></datafield><datafield ind1=' ' ind2='7' tag='655'><subfield code='a'>Exhibition catalogs.</subfield><subfield code='2'>fast</subfield><subfield code='0'>(OCoLC)fst01424028</subfield></datafield><datafield ind1=' ' ind2='7' tag='655'><subfield code='a'>Exhibition catalogs</subfield><subfield code='2'>lcgft</subfield></datafield><datafield ind1='1' ind2=' ' tag='700'><subfield code='a'>Tsai, Eugenie</subfield></datafield><datafield ind1='1' ind2=' ' tag='700'><subfield code='a'>Butler, Cornelia H.</subfield></datafield><datafield ind1='1' ind2=' ' tag='700'><subfield code='a'>Crow, Thomas E.,</subfield><subfield code='d'>1948-</subfield></datafield><datafield ind1='1' ind2=' ' tag='700'><subfield code='a'>Alberro, Alexander</subfield></datafield><datafield ind1='1' ind2=' ' tag='700'><subfield code='a'>Roth, Moira</subfield></datafield><datafield ind1='1' ind2=' ' tag='700'><subfield code='a'>Smithson, Robert</subfield></datafield><datafield ind1='2' ind2=' ' tag='710'><subfield code='a'>Museum of Contemporary Art (Los Angeles, Calif.)</subfield></datafield><datafield ind1='2' ind2=' ' tag='710'><subfield code='a'>Dallas Museum of Art.</subfield></datafield><datafield ind1='2' ind2=' ' tag='710'><subfield code='a'>Whitney Museum of American Art</subfield></datafield><datafield ind1='0' ind2='8' tag='776'><subfield code='i'>Online version:</subfield><subfield code='a'>Smithson, Robert.</subfield><subfield code='t'>Robert Smithson.</subfield><subfield code='d'>Berkeley : University of California Press, ©2004</subfield><subfield code='w'>(OCoLC)735523953</subfield></datafield><datafield ind1='1' ind2=' ' tag='583'><subfield code='a'>committed to retain</subfield><subfield code='c'>20181001</subfield><subfield code='d'>in perpetuity</subfield><subfield code='f'>ReCAP Shared Collection</subfield><subfield code='5'>HUL</subfield><subfield code='8'>222089839280003941</subfield></datafield><datafield ind1='0' ind2=' ' tag='852'><subfield code='c'>HD</subfield><subfield code='h'>N6537.S6184</subfield><subfield code='i'>A4 2004</subfield><subfield code='0'>12689146</subfield><subfield code='b'>scsbhl</subfield></datafield><datafield ind1=' ' ind2=' ' tag='876'><subfield code='0'>12689146</subfield><subfield code='a'>18475924</subfield><subfield code='h'> </subfield><subfield code='j'>Available</subfield><subfield code='k'>WID</subfield><subfield code='p'>HXR34Z</subfield><subfield code='x'>Shared</subfield><subfield code='z'>HW</subfield><subfield code='l'>HD</subfield></datafield></record>