
<record><leader>00889nam a2200241 a 4500</leader><controlfield tag='001'>SCSB-11174839</controlfield><controlfield tag='005'>20050420143512.0</controlfield><controlfield tag='008'>910204s2003    ir a          000|0 per d</controlfield><controlfield tag='009'>990096082570203941</controlfield><datafield ind1=' ' ind2=' ' tag='020'><subfield code='a'>9640500275</subfield></datafield><datafield ind1=' ' ind2=' ' tag='035'><subfield code='a'>(OCoLC)234716217</subfield></datafield><datafield ind1=' ' ind2=' ' tag='043'><subfield code='a'>a-ir---</subfield></datafield><datafield ind1='1' ind2=' ' tag='100'><subfield code='a'>Amīnī, Ibrāhīm.</subfield></datafield><datafield ind1='1' ind2='0' tag='245'><subfield code='a'>Taʻlīmāt-i dīnī :</subfield><subfield code='b'>panjum-i dabistān.</subfield></datafield><datafield ind1=' ' ind2=' ' tag='260'><subfield code='a'>Tihrān :</subfield><subfield code='b'>Idārah-ʾi Kull-i Chāp va Tawzīʻ-i Kitābhā-yi Dārsī,</subfield><subfield code='c'>1382 [2003 or 2004]</subfield></datafield><datafield ind1=' ' ind2=' ' tag='300'><subfield code='a'>74 p. :</subfield><subfield code='b'>col. ill. ;</subfield><subfield code='c'>24 cm.</subfield></datafield><datafield ind1=' ' ind2=' ' tag='500'><subfield code='a'>&quot;23&quot;--Cover.</subfield></datafield><datafield ind1=' ' ind2='0' tag='650'><subfield code='a'>Islamic religious education</subfield><subfield code='z'>Iran.</subfield></datafield><datafield ind1=' ' ind2='0' tag='690'><subfield code='a'>Textbooks</subfield><subfield code='z'>Iran.</subfield><subfield code='5'>wid</subfield></datafield><datafield ind1='2' ind2=' ' tag='700'><subfield code='a'>Mūsavī Ḥusaynī, ʻAlī Akbar.</subfield></datafield><datafield ind1='2' ind2=' ' tag='710'><subfield code='a'>Sāzmān-i Pizhūhish va Barnāmahʹrīzī-i Āmūzishī (Iran)</subfield></datafield><datafield ind1='1' ind2=' ' tag='710'><subfield code='a'>Iran.</subfield><subfield code='b'>Vizārat-i Āmūzish va Parvarish.</subfield></datafield><datafield ind1=' ' ind2=' ' tag='752'><subfield code='a'>Iran</subfield><subfield code='d'>Tehran.</subfield></datafield><datafield ind1=' ' ind2='0' tag='830'><subfield code='a'>Persian textbook collection.</subfield></datafield><datafield ind1='1' ind2=' ' tag='583'><subfield code='a'>committed to retain</subfield><subfield code='c'>20181001</subfield><subfield code='d'>in perpetuity</subfield><subfield code='f'>ReCAP Shared Collection</subfield><subfield code='5'>HUL</subfield><subfield code='8'>222087877730003941</subfield></datafield><datafield ind1='0' ind2=' ' tag='852'><subfield code='c'>HD</subfield><subfield code='0'>11975949</subfield><subfield code='b'>scsbhl</subfield></datafield><datafield ind1=' ' ind2=' ' tag='876'><subfield code='0'>11975949</subfield><subfield code='a'>17735316</subfield><subfield code='h'> </subfield><subfield code='j'>Not Available</subfield><subfield code='k'>WID</subfield><subfield code='p'>HXSWWZ</subfield><subfield code='x'>Shared</subfield><subfield code='z'>HW</subfield><subfield code='l'>HD</subfield></datafield></record>