
<record><leader>01045nam a2200253 a 4500</leader><controlfield tag='001'>SCSB-11353791</controlfield><controlfield tag='005'>20020606104010.5</controlfield><controlfield tag='008'>910204q19901997ir a          000|0 per d</controlfield><controlfield tag='009'>990075549130203941</controlfield><datafield ind1=' ' ind2=' ' tag='035'><subfield code='a'>(OCoLC)40234744</subfield></datafield><datafield ind1=' ' ind2=' ' tag='043'><subfield code='a'>a-ir---</subfield></datafield><datafield ind1='0' ind2='0' tag='245'><subfield code='a'>Kitāb-i taʻlīmāt-i dīnī-i Kalīmiyān :</subfield><subfield code='b'>[dawrah-i ibtidāʾī].</subfield></datafield><datafield ind1=' ' ind2=' ' tag='260'><subfield code='a'>[Tehran] :</subfield><subfield code='b'>Jumhūrī-i Islāmī-i Īrān, Vizārat-i Āmūzish va Parvarish,</subfield><subfield code='c'>[199-?]</subfield></datafield><datafield ind1=' ' ind2=' ' tag='300'><subfield code='a'>v. :</subfield><subfield code='b'>col. ill. ;</subfield><subfield code='c'>22 cm.</subfield></datafield><datafield ind1='1' ind2=' ' tag='505'><subfield code='a'>[2]. kilās-i duvvum -- [3]. kilās-i sivvum -- [4]. kilās-i chahārum -- [5]. kilās-i panjum.</subfield></datafield><datafield ind1=' ' ind2=' ' tag='500'><subfield code='a'>&quot;Īn kitāb bih vasīlah-i kumītah-i farhangī-i Anjuman-i Kalīmiyān-i Tihrān va bā hamkārī-i gurūhī az mutakhaṣṣiṣīn tadvīn shudah ast.&quot;</subfield></datafield><datafield ind1=' ' ind2='0' tag='650'><subfield code='a'>Textbooks</subfield><subfield code='z'>Iran.</subfield></datafield><datafield ind1=' ' ind2='0' tag='650'><subfield code='a'>Jewish religious education</subfield><subfield code='z'>Iran.</subfield></datafield><datafield ind1=' ' ind2='0' tag='650'><subfield code='a'>Jews</subfield><subfield code='z'>Iran.</subfield></datafield><datafield ind1=' ' ind2='0' tag='650'><subfield code='a'>Jewish way of life</subfield></datafield><datafield ind1=' ' ind2='7' tag='655'><subfield code='a'>Textbooks</subfield><subfield code='2'>fast</subfield></datafield><datafield ind1='2' ind2=' ' tag='710'><subfield code='a'>Anjuman-i Kalīmiyān-i Tihrān.</subfield></datafield><datafield ind1='1' ind2=' ' tag='710'><subfield code='a'>Iran.</subfield><subfield code='b'>Vizārat-i Āmūzish va Parvarish.</subfield></datafield><datafield ind1=' ' ind2=' ' tag='752'><subfield code='a'>Iran</subfield><subfield code='d'>Tehran.</subfield></datafield><datafield ind1=' ' ind2='0' tag='830'><subfield code='a'>Persian textbook collection.</subfield></datafield><datafield ind1='1' ind2=' ' tag='583'><subfield code='a'>committed to retain</subfield><subfield code='c'>20181001</subfield><subfield code='d'>in perpetuity</subfield><subfield code='f'>ReCAP Shared Collection</subfield><subfield code='5'>HUL</subfield><subfield code='8'>222016184300003941</subfield></datafield><datafield ind1=' ' ind2='0' tag='966'><subfield code='8'>0</subfield><subfield code='a'>v. 2, 3, 4, 5</subfield><subfield code='8'>222016184300003941</subfield></datafield><datafield ind1='0' ind2=' ' tag='852'><subfield code='c'>HD</subfield><subfield code='z'>Consult Circ. Desk for: v.2=HNI9NL; v.3=HNI9NM; v.4=HNI9NN; v.5=HNI9NQ</subfield><subfield code='0'>12160229</subfield><subfield code='b'>scsbhl</subfield></datafield><datafield ind1=' ' ind2=' ' tag='876'><subfield code='0'>12160229</subfield><subfield code='3'>v.2</subfield><subfield code='a'>17926324</subfield><subfield code='h'> </subfield><subfield code='j'>Not Available</subfield><subfield code='k'>WID</subfield><subfield code='p'>HNI9NL</subfield><subfield code='x'>Shared</subfield><subfield code='z'>HW</subfield><subfield code='l'>HD</subfield></datafield><datafield ind1=' ' ind2=' ' tag='876'><subfield code='0'>12160229</subfield><subfield code='3'>v.3</subfield><subfield code='a'>17926325</subfield><subfield code='h'> </subfield><subfield code='j'>Not Available</subfield><subfield code='k'>WID</subfield><subfield code='p'>HNI9NM</subfield><subfield code='x'>Shared</subfield><subfield code='z'>HW</subfield><subfield code='l'>HD</subfield></datafield><datafield ind1=' ' ind2=' ' tag='876'><subfield code='0'>12160229</subfield><subfield code='3'>v.5</subfield><subfield code='a'>17926326</subfield><subfield code='h'> </subfield><subfield code='j'>Not Available</subfield><subfield code='k'>WID</subfield><subfield code='p'>HNI9NQ</subfield><subfield code='x'>Shared</subfield><subfield code='z'>HW</subfield><subfield code='l'>HD</subfield></datafield><datafield ind1=' ' ind2=' ' tag='876'><subfield code='0'>12160229</subfield><subfield code='3'>v.4</subfield><subfield code='a'>17926327</subfield><subfield code='h'> </subfield><subfield code='j'>Not Available</subfield><subfield code='k'>WID</subfield><subfield code='p'>HNI9NN</subfield><subfield code='x'>Shared</subfield><subfield code='z'>HW</subfield><subfield code='l'>HD</subfield></datafield></record>