
<record><leader>00000nam a2200265Ia 4500</leader><controlfield tag='001'>SCSB-12639632</controlfield><controlfield tag='005'>20050425120613.0</controlfield><controlfield tag='008'>050314s2004    ir a   d b    000 0 perrd</controlfield><controlfield tag='009'>990096110880203941</controlfield><datafield ind1=' ' ind2=' ' tag='020'><subfield code='a'>9640512346</subfield></datafield><datafield ind1=' ' ind2=' ' tag='035'><subfield code='a'>(OCoLC)234716728</subfield></datafield><datafield ind1='0' ind2=' ' tag='041'><subfield code='a'>perara</subfield></datafield><datafield ind1=' ' ind2=' ' tag='043'><subfield code='a'>a-ir---</subfield></datafield><datafield ind1='1' ind2=' ' tag='100'><subfield code='a'>Iʻtiṣāmī, Muḥammad Mahdī.</subfield></datafield><datafield ind1='1' ind2='0' tag='245'><subfield code='a'>Qurān va taʻlīmāt-i dīnī (2) :</subfield><subfield code='b'>dīn va zindagī, sāl-i duvvum-i āmūzish-i mutavassiṭah.</subfield></datafield><datafield ind1=' ' ind2=' ' tag='250'><subfield code='a'>Chāp-i 2.</subfield></datafield><datafield ind1=' ' ind2=' ' tag='260'><subfield code='a'>Tihrān :</subfield><subfield code='b'>Shirkat-i Chāp va Nashr-i Kitābʹhā-yi Darsī-i Īrān,</subfield><subfield code='c'>1383 [2004]</subfield></datafield><datafield ind1=' ' ind2=' ' tag='300'><subfield code='a'>186 p. :</subfield><subfield code='b'>col. ill. ;</subfield><subfield code='c'>23 cm.</subfield></datafield><datafield ind1=' ' ind2=' ' tag='500'><subfield code='a'>&quot;222&quot;--cover.</subfield></datafield><datafield ind1=' ' ind2=' ' tag='546'><subfield code='a'>Includes Arabic citations.</subfield></datafield><datafield ind1=' ' ind2='0' tag='650'><subfield code='a'>Islamic religious education</subfield><subfield code='z'>Iran</subfield><subfield code='x'>Textbooks for children.</subfield></datafield><datafield ind1='0' ind2='0' tag='630'><subfield code='a'>Qurʼan</subfield><subfield code='x'>Study and teaching</subfield><subfield code='z'>Iran</subfield><subfield code='v'>Textbooks for children.</subfield></datafield><datafield ind1=' ' ind2='7' tag='655'><subfield code='a'>Juvenile works</subfield><subfield code='2'>fast</subfield><subfield code='0'>(OCoLC)fst01411637</subfield></datafield><datafield ind1=' ' ind2='7' tag='655'><subfield code='a'>Textbooks</subfield><subfield code='2'>fast</subfield><subfield code='0'>(OCoLC)fst01423863</subfield></datafield><datafield ind1='1' ind2=' ' tag='700'><subfield code='a'>Javārashkiyān, ʻAbbās.</subfield></datafield><datafield ind1=' ' ind2=' ' tag='752'><subfield code='a'>Iran</subfield><subfield code='d'>Tehran.</subfield></datafield><datafield ind1='1' ind2=' ' tag='583'><subfield code='a'>committed to retain</subfield><subfield code='c'>20181001</subfield><subfield code='d'>in perpetuity</subfield><subfield code='f'>ReCAP Shared Collection</subfield><subfield code='5'>HUL</subfield><subfield code='8'>222088765060003941</subfield></datafield><datafield ind1='0' ind2=' ' tag='852'><subfield code='c'>HD</subfield><subfield code='0'>13483285</subfield><subfield code='b'>scsbhl</subfield></datafield><datafield ind1=' ' ind2=' ' tag='876'><subfield code='0'>13483285</subfield><subfield code='a'>19301568</subfield><subfield code='h'> </subfield><subfield code='j'>Not Available</subfield><subfield code='k'>WID</subfield><subfield code='p'>HXSWYS</subfield><subfield code='x'>Shared</subfield><subfield code='z'>HW</subfield><subfield code='l'>HD</subfield></datafield></record>