
<record><leader>00000nam a2200265Ia 4500</leader><controlfield tag='001'>SCSB-10750661</controlfield><controlfield tag='005'>20050425121819.0</controlfield><controlfield tag='008'>050314s2003    ir a   d b    000 0 perrd</controlfield><controlfield tag='009'>990096101640203941</controlfield><datafield ind1=' ' ind2=' ' tag='020'><subfield code='a'>9640511560</subfield></datafield><datafield ind1=' ' ind2=' ' tag='035'><subfield code='a'>(OCoLC)58462861</subfield></datafield><datafield ind1=' ' ind2=' ' tag='040'><subfield code='a'>IXA</subfield><subfield code='c'>IXA</subfield></datafield><datafield ind1='0' ind2=' ' tag='041'><subfield code='a'>perara</subfield></datafield><datafield ind1=' ' ind2=' ' tag='043'><subfield code='a'>a-ir---</subfield></datafield><datafield ind1=' ' ind2='4' tag='050'><subfield code='a'>BP43.I7</subfield><subfield code='b'>I7 2003 9th</subfield></datafield><datafield ind1=' ' ind2=' ' tag='090'><subfield code='a'>BP43.I7</subfield><subfield code='b'>I7 2003 9th</subfield></datafield><datafield ind1='1' ind2=' ' tag='100'><subfield code='a'>Iʻtiṣāmī, Muḥammad Mahdī.</subfield></datafield><datafield ind1='1' ind2='0' tag='245'><subfield code='a'>Qurān va taʻlīmāt-i dīnī (1) :</subfield><subfield code='b'>dīn va zindagī : sāl-i avval-i dabīristān /</subfield><subfield code='c'>[muʼallifān, Muḥammad Mahdī Iʻtiṣāmī, ʻAbbās Javārashkiyān.</subfield></datafield><datafield ind1=' ' ind2=' ' tag='250'><subfield code='a'>Chāp-i 2.</subfield></datafield><datafield ind1=' ' ind2=' ' tag='260'><subfield code='a'>Tihrān :</subfield><subfield code='b'>Shirkat-i Chāp va Nashr-i Kitābʹhā-yi Darsī-i Īrān,</subfield><subfield code='c'>1382 [2003 or 2004]</subfield></datafield><datafield ind1=' ' ind2=' ' tag='300'><subfield code='a'>152 p. :</subfield><subfield code='b'>col. ill. ;</subfield><subfield code='c'>23 cm.</subfield></datafield><datafield ind1=' ' ind2=' ' tag='500'><subfield code='a'>&quot;203&quot;--cover.</subfield></datafield><datafield ind1=' ' ind2=' ' tag='546'><subfield code='a'>Includes Arabic citations.</subfield></datafield><datafield ind1=' ' ind2='0' tag='650'><subfield code='a'>Islamic religious education</subfield><subfield code='z'>Iran</subfield><subfield code='x'>Textbooks for children.</subfield></datafield><datafield ind1='0' ind2='0' tag='630'><subfield code='a'>Qurʼan</subfield><subfield code='x'>Study and teaching</subfield><subfield code='z'>Iran</subfield><subfield code='v'>Textbooks for children.</subfield></datafield><datafield ind1=' ' ind2='7' tag='655'><subfield code='a'>Juvenile works</subfield><subfield code='2'>fast</subfield></datafield><datafield ind1=' ' ind2='7' tag='655'><subfield code='a'>Textbooks</subfield><subfield code='2'>fast</subfield></datafield><datafield ind1='1' ind2=' ' tag='700'><subfield code='a'>Javārashkiyān, ʻAbbās.</subfield></datafield><datafield ind1=' ' ind2=' ' tag='752'><subfield code='a'>Iran</subfield><subfield code='d'>Tehran.</subfield></datafield><datafield ind1=' ' ind2='0' tag='830'><subfield code='a'>Persian textbook collection.</subfield></datafield><datafield ind1='1' ind2=' ' tag='583'><subfield code='a'>committed to retain</subfield><subfield code='c'>20181001</subfield><subfield code='d'>in perpetuity</subfield><subfield code='f'>ReCAP Shared Collection</subfield><subfield code='5'>HUL</subfield><subfield code='8'>222087967320003941</subfield></datafield><datafield ind1='0' ind2=' ' tag='852'><subfield code='c'>HD</subfield><subfield code='h'>BP43.I7</subfield><subfield code='i'>I7 2003 9th</subfield><subfield code='0'>11539201</subfield><subfield code='b'>scsbhl</subfield></datafield><datafield ind1=' ' ind2=' ' tag='876'><subfield code='0'>11539201</subfield><subfield code='a'>17281334</subfield><subfield code='h'> </subfield><subfield code='j'>Not Available</subfield><subfield code='k'>WID</subfield><subfield code='p'>HXSWY7</subfield><subfield code='x'>Shared</subfield><subfield code='z'>HW</subfield><subfield code='l'>HD</subfield></datafield></record>