
<record><leader>00879nam a2200253 a 4500</leader><controlfield tag='001'>SCSB-11760065</controlfield><controlfield tag='005'>20020606104010.5</controlfield><controlfield tag='008'>910204s1997    ir            000|0 per d</controlfield><controlfield tag='009'>990079144320203941</controlfield><datafield ind1=' ' ind2=' ' tag='035'><subfield code='a'>(OCoLC)40234731</subfield></datafield><datafield ind1=' ' ind2=' ' tag='043'><subfield code='a'>a-ir---</subfield></datafield><datafield ind1='0' ind2='0' tag='245'><subfield code='a'>Taʻlīmāt-i dīnī va farhang-i Yahūd :</subfield><subfield code='b'>dawrah-ʾi rāhnamāʾī.</subfield></datafield><datafield ind1=' ' ind2=' ' tag='260'><subfield code='a'>Tihrān :</subfield><subfield code='b'>Intishārāt-i Anjuman-i Kalīmiyān,</subfield><subfield code='c'>1376 [1997]</subfield></datafield><datafield ind1=' ' ind2=' ' tag='300'><subfield code='a'>v. ;</subfield><subfield code='c'>21 cm.</subfield></datafield><datafield ind1='1' ind2=' ' tag='505'><subfield code='a'>[2]. Sāl-i duvvum -- [3]. sāl-i sivvum.</subfield></datafield><datafield ind1=' ' ind2=' ' tag='500'><subfield code='a'>&quot;Muṣavvab-i Vizārat-i Āmūzish va Parvarish-i Jumhūrī-i Islāmī-i Īrān.&quot;</subfield></datafield><datafield ind1=' ' ind2='0' tag='650'><subfield code='a'>Textbooks</subfield><subfield code='z'>Iran.</subfield></datafield><datafield ind1=' ' ind2='0' tag='650'><subfield code='a'>Jewish religious education</subfield><subfield code='z'>Iran.</subfield></datafield><datafield ind1=' ' ind2='0' tag='650'><subfield code='a'>Jews</subfield><subfield code='z'>Iran.</subfield></datafield><datafield ind1=' ' ind2='0' tag='650'><subfield code='a'>Jewish way of life</subfield></datafield><datafield ind1=' ' ind2='7' tag='655'><subfield code='a'>Textbooks</subfield><subfield code='2'>fast</subfield><subfield code='0'>(OCoLC)fst01423863</subfield></datafield><datafield ind1='2' ind2=' ' tag='710'><subfield code='a'>Anjuman-i Kalīmiyān-i Tihrān.</subfield></datafield><datafield ind1='1' ind2=' ' tag='710'><subfield code='a'>Iran.</subfield><subfield code='b'>Vizārat-i Āmūzish va Parvarish.</subfield></datafield><datafield ind1=' ' ind2=' ' tag='752'><subfield code='a'>Iran</subfield><subfield code='d'>Tehran.</subfield></datafield><datafield ind1=' ' ind2='0' tag='830'><subfield code='a'>Persian textbook collection.</subfield></datafield><datafield ind1='1' ind2=' ' tag='583'><subfield code='a'>committed to retain</subfield><subfield code='c'>20181001</subfield><subfield code='d'>in perpetuity</subfield><subfield code='f'>ReCAP Shared Collection</subfield><subfield code='5'>HUL</subfield><subfield code='8'>222032415650003941</subfield></datafield><datafield ind1=' ' ind2='0' tag='966'><subfield code='8'>0</subfield><subfield code='a'>v. 2, 3</subfield><subfield code='8'>222032415650003941</subfield></datafield><datafield ind1='0' ind2=' ' tag='852'><subfield code='c'>HD</subfield><subfield code='z'>Consult Circ. Desk for: v.2=HNI9M5; v.3=HNI9NK</subfield><subfield code='0'>12578348</subfield><subfield code='b'>scsbhl</subfield></datafield><datafield ind1=' ' ind2=' ' tag='876'><subfield code='0'>12578348</subfield><subfield code='3'>v.3</subfield><subfield code='a'>18360244</subfield><subfield code='h'> </subfield><subfield code='j'>Not Available</subfield><subfield code='k'>WID</subfield><subfield code='p'>HNI9NK</subfield><subfield code='x'>Shared</subfield><subfield code='z'>HW</subfield><subfield code='l'>HD</subfield></datafield><datafield ind1=' ' ind2=' ' tag='876'><subfield code='0'>12578348</subfield><subfield code='3'>v.2</subfield><subfield code='a'>18360245</subfield><subfield code='h'> </subfield><subfield code='j'>Not Available</subfield><subfield code='k'>WID</subfield><subfield code='p'>HNI9M5</subfield><subfield code='x'>Shared</subfield><subfield code='z'>HW</subfield><subfield code='l'>HD</subfield></datafield></record>