
<record><leader>00886nam a2200253 a 4500</leader><controlfield tag='001'>SCSB-11702188</controlfield><controlfield tag='005'>20020606104010.5</controlfield><controlfield tag='008'>910204s1997    ir a          000|0 per d</controlfield><controlfield tag='009'>990079144250203941</controlfield><datafield ind1=' ' ind2=' ' tag='035'><subfield code='a'>(OCoLC)40234725</subfield></datafield><datafield ind1=' ' ind2=' ' tag='043'><subfield code='a'>a-ir---</subfield></datafield><datafield ind1=' ' ind2='4' tag='050'><subfield code='a'>LC747.I7</subfield><subfield code='b'>T35 1997</subfield></datafield><datafield ind1='0' ind2='0' tag='245'><subfield code='a'>Taʻlīmāt-i dīnī va farhang-i Yahūd :</subfield><subfield code='b'>dawrah-ʾi dabīristān.</subfield></datafield><datafield ind1=' ' ind2=' ' tag='260'><subfield code='a'>Tihrān :</subfield><subfield code='b'>Intishārāt-i Anjuman-i Kalīmiyān,</subfield><subfield code='c'>1376 [1997]</subfield></datafield><datafield ind1=' ' ind2=' ' tag='300'><subfield code='a'>v. :</subfield><subfield code='b'>ill. ;</subfield><subfield code='c'>21 cm.</subfield></datafield><datafield ind1='1' ind2=' ' tag='505'><subfield code='a'>[1]. Sāl-i avval -- [3]. sāl-i sivvum.</subfield></datafield><datafield ind1=' ' ind2=' ' tag='500'><subfield code='a'>&quot;Muṣavvab-i Vizārat-i Āmūzish va Parvarish-i Jumhūrī-i Islāmī-i Īrān.&quot;</subfield></datafield><datafield ind1=' ' ind2='0' tag='650'><subfield code='a'>Textbooks</subfield><subfield code='z'>Iran.</subfield></datafield><datafield ind1=' ' ind2='0' tag='650'><subfield code='a'>Jewish religious education</subfield><subfield code='z'>Iran.</subfield></datafield><datafield ind1=' ' ind2='0' tag='650'><subfield code='a'>Jews</subfield><subfield code='z'>Iran.</subfield></datafield><datafield ind1=' ' ind2='0' tag='650'><subfield code='a'>Jewish way of life</subfield></datafield><datafield ind1=' ' ind2='7' tag='655'><subfield code='a'>Textbooks</subfield><subfield code='2'>fast</subfield></datafield><datafield ind1='2' ind2=' ' tag='710'><subfield code='a'>Anjuman-i Kalīmiyān-i Tihrān.</subfield></datafield><datafield ind1='1' ind2=' ' tag='710'><subfield code='a'>Iran.</subfield><subfield code='b'>Vizārat-i Āmūzish va Parvarish.</subfield></datafield><datafield ind1=' ' ind2=' ' tag='752'><subfield code='a'>Iran</subfield><subfield code='d'>Tehran.</subfield></datafield><datafield ind1=' ' ind2='0' tag='830'><subfield code='a'>Persian textbook collection.</subfield></datafield><datafield ind1='1' ind2=' ' tag='583'><subfield code='a'>committed to retain</subfield><subfield code='c'>20181001</subfield><subfield code='d'>in perpetuity</subfield><subfield code='f'>ReCAP Shared Collection</subfield><subfield code='5'>HUL</subfield><subfield code='8'>222032417050003941</subfield></datafield><datafield ind1=' ' ind2='0' tag='966'><subfield code='8'>0</subfield><subfield code='a'>v. 1, 3</subfield><subfield code='8'>222032417050003941</subfield></datafield><datafield ind1='0' ind2=' ' tag='852'><subfield code='c'>HD</subfield><subfield code='z'>Consult Circ. Desk for: v.1=HNI9NJ; v.3=HNI9MU</subfield><subfield code='0'>12518701</subfield><subfield code='b'>scsbhl</subfield></datafield><datafield ind1=' ' ind2=' ' tag='876'><subfield code='0'>12518701</subfield><subfield code='3'>v.1</subfield><subfield code='a'>18298425</subfield><subfield code='h'> </subfield><subfield code='j'>Not Available</subfield><subfield code='k'>WID</subfield><subfield code='p'>HNI9NJ</subfield><subfield code='x'>Shared</subfield><subfield code='z'>HW</subfield><subfield code='l'>HD</subfield></datafield><datafield ind1=' ' ind2=' ' tag='876'><subfield code='0'>12518701</subfield><subfield code='3'>v.3</subfield><subfield code='a'>18298426</subfield><subfield code='h'> </subfield><subfield code='j'>Not Available</subfield><subfield code='k'>WID</subfield><subfield code='p'>HNI9MU</subfield><subfield code='x'>Shared</subfield><subfield code='z'>HW</subfield><subfield code='l'>HD</subfield></datafield></record>