
<record><leader>00956nam a2200241 a 4500</leader><controlfield tag='001'>SCSB-12150914</controlfield><controlfield tag='005'>20050421154504.0</controlfield><controlfield tag='008'>981104s2004    ir ac    b    000|0 per d</controlfield><controlfield tag='009'>990096096260203941</controlfield><datafield ind1=' ' ind2=' ' tag='020'><subfield code='a'>9640501247</subfield></datafield><datafield ind1=' ' ind2=' ' tag='035'><subfield code='a'>(OCoLC)58462506</subfield></datafield><datafield ind1='0' ind2=' ' tag='041'><subfield code='a'>perara</subfield></datafield><datafield ind1=' ' ind2=' ' tag='043'><subfield code='a'>a-ir---</subfield></datafield><datafield ind1=' ' ind2='4' tag='050'><subfield code='a'>BP43.I7</subfield><subfield code='b'>.A55 2003 6th</subfield></datafield><datafield ind1=' ' ind2=' ' tag='090'><subfield code='a'>BP43.I7</subfield><subfield code='b'>.A55 2003 6th</subfield></datafield><datafield ind1='1' ind2=' ' tag='100'><subfield code='a'>Amīnī, Ibrāhīm</subfield></datafield><datafield ind1='1' ind2='0' tag='245'><subfield code='a'>Farhang-i Islāmī va taʻlīmāt-i dīnī :</subfield><subfield code='b'>sāl-i avval-i dawrah-ʾi rāhnamāyī-i taḥsīlī.</subfield></datafield><datafield ind1=' ' ind2=' ' tag='260'><subfield code='a'>Tihrān :</subfield><subfield code='b'>Shirkat-i Chāp va Nashr-i Kitābhā-yi Darsī-i Īrān,</subfield><subfield code='c'>1383 [2004]</subfield></datafield><datafield ind1=' ' ind2=' ' tag='300'><subfield code='a'>108 p. :</subfield><subfield code='b'>ill. (some col.), port. ;</subfield><subfield code='c'>24 cm.</subfield></datafield><datafield ind1=' ' ind2=' ' tag='500'><subfield code='a'>&quot;Marḥalah-ʾi duvvum-i taʻlīmāt-i ʻumūmī.&quot;</subfield></datafield><datafield ind1=' ' ind2=' ' tag='500'><subfield code='a'>&quot;105&quot;--Cover.</subfield></datafield><datafield ind1=' ' ind2='0' tag='650'><subfield code='a'>Islamic religious education</subfield><subfield code='z'>Iran.</subfield></datafield><datafield ind1=' ' ind2='0' tag='690'><subfield code='a'>Textbooks</subfield><subfield code='z'>Iran.</subfield><subfield code='5'>wid</subfield></datafield><datafield ind1=' ' ind2='0' tag='650'><subfield code='a'>Islamic religious education</subfield><subfield code='z'>Iran</subfield><subfield code='v'>Textbooks for children.</subfield></datafield><datafield ind1=' ' ind2='7' tag='655'><subfield code='a'>Juvenile works</subfield><subfield code='2'>fast</subfield></datafield><datafield ind1=' ' ind2='7' tag='655'><subfield code='a'>Textbooks</subfield><subfield code='2'>fast</subfield></datafield><datafield ind1='2' ind2=' ' tag='700'><subfield code='a'>Mūsavī Ḥusaynī, ʻAlī Akbar.</subfield></datafield><datafield ind1='2' ind2=' ' tag='710'><subfield code='a'>Sāzmān-i Pizhūhish va Barnāmahʹrīzī-i Āmūzishī (Iran)</subfield></datafield><datafield ind1=' ' ind2=' ' tag='752'><subfield code='a'>Iran</subfield><subfield code='d'>Tehran.</subfield></datafield><datafield ind1=' ' ind2='0' tag='830'><subfield code='a'>Persian textbook collection.</subfield></datafield><datafield ind1='1' ind2=' ' tag='583'><subfield code='a'>committed to retain</subfield><subfield code='c'>20181001</subfield><subfield code='d'>in perpetuity</subfield><subfield code='f'>ReCAP Shared Collection</subfield><subfield code='5'>HUL</subfield><subfield code='8'>222087823540003941</subfield></datafield><datafield ind1='0' ind2=' ' tag='852'><subfield code='c'>HD</subfield><subfield code='h'>BP43.I7</subfield><subfield code='i'>.A55 2003 6th</subfield><subfield code='0'>12980657</subfield><subfield code='b'>scsbhl</subfield></datafield><datafield ind1=' ' ind2=' ' tag='876'><subfield code='0'>12980657</subfield><subfield code='a'>18778741</subfield><subfield code='h'> </subfield><subfield code='j'>Available</subfield><subfield code='k'>WID</subfield><subfield code='p'>HXSWXS</subfield><subfield code='x'>Shared</subfield><subfield code='z'>HW</subfield><subfield code='l'>HD</subfield></datafield></record>