
<record><leader>00595nam a2200181 a 4500</leader><controlfield tag='001'>SCSB-12253918</controlfield><controlfield tag='005'>20020606104010.5</controlfield><controlfield tag='008'>981104s1964    ir ac    b    000|0 per d</controlfield><controlfield tag='009'>990081206370203941</controlfield><datafield ind1=' ' ind2=' ' tag='035'><subfield code='a'>(OCoLC)41753028</subfield></datafield><datafield ind1='0' ind2='0' tag='245'><subfield code='a'>Kitāb-i Fārsī-i duvvum-i dabistān va taʻlīmāt-i dīnī.</subfield></datafield><datafield ind1=' ' ind2=' ' tag='260'><subfield code='a'>[Tehran] :</subfield><subfield code='b'>Vizārat-i Farhang,</subfield><subfield code='c'>1343 [1964]</subfield></datafield><datafield ind1=' ' ind2=' ' tag='300'><subfield code='a'>222 p. :</subfield><subfield code='b'>col. ill., ports. ;</subfield><subfield code='c'>24 cm.</subfield></datafield><datafield ind1=' ' ind2=' ' tag='500'><subfield code='a'>&quot;Īn kitāb dārā-yi rāhnamā-yi tadrīs ast.&quot;</subfield></datafield><datafield ind1=' ' ind2='0' tag='650'><subfield code='a'>Persian language</subfield><subfield code='v'>Readers</subfield></datafield><datafield ind1=' ' ind2='0' tag='690'><subfield code='a'>Textbooks</subfield><subfield code='z'>Iran.</subfield><subfield code='5'>wid</subfield></datafield><datafield ind1=' ' ind2='7' tag='655'><subfield code='a'>Readers (Publications)</subfield><subfield code='2'>fast</subfield><subfield code='0'>(OCoLC)fst01919959</subfield></datafield><datafield ind1=' ' ind2=' ' tag='752'><subfield code='a'>Iran</subfield><subfield code='d'>Tehran.</subfield></datafield><datafield ind1=' ' ind2='0' tag='830'><subfield code='a'>Persian textbook collection.</subfield></datafield><datafield ind1='1' ind2=' ' tag='583'><subfield code='a'>committed to retain</subfield><subfield code='c'>20181001</subfield><subfield code='d'>in perpetuity</subfield><subfield code='f'>ReCAP Shared Collection</subfield><subfield code='5'>HUL</subfield><subfield code='8'>222043773200003941</subfield></datafield><datafield ind1='0' ind2=' ' tag='852'><subfield code='c'>HD</subfield><subfield code='0'>13086705</subfield><subfield code='b'>scsbhl</subfield></datafield><datafield ind1=' ' ind2=' ' tag='876'><subfield code='0'>13086705</subfield><subfield code='a'>18888397</subfield><subfield code='h'> </subfield><subfield code='j'>Available</subfield><subfield code='k'>WID</subfield><subfield code='p'>HN8DVT</subfield><subfield code='x'>Shared</subfield><subfield code='z'>HW</subfield><subfield code='l'>HD</subfield></datafield></record>