
<record><leader>01977cam a22003377i 4500</leader><controlfield tag='001'>SCSB-12209564</controlfield><controlfield tag='005'>20260414213016.0</controlfield><controlfield tag='008'>910204s1964    ir            000 0 per d</controlfield><controlfield tag='009'>990021092160203941</controlfield><datafield ind1=' ' ind2=' ' tag='035'><subfield code='a'>(OCoLC)33855545</subfield></datafield><datafield ind1=' ' ind2=' ' tag='040'><subfield code='a'>HLS</subfield><subfield code='b'>eng</subfield><subfield code='c'>HLS</subfield><subfield code='d'>OCLCQ</subfield><subfield code='d'>HLS</subfield><subfield code='d'>OCLCL</subfield><subfield code='d'>OCLCQ</subfield></datafield><datafield ind1=' ' ind2=' ' tag='066'><subfield code='c'>(3</subfield><subfield code='c'>(4</subfield></datafield><datafield ind1='1' ind2=' ' tag='100'><subfield code='6'>880-01</subfield><subfield code='a'>Khumārlū, Tūrān</subfield></datafield><datafield ind1='1' ind2=' ' tag='880'><subfield code='6'>100-01/(3/r</subfield><subfield code='a'>خمارلو، توران.</subfield></datafield><datafield ind1='1' ind2='0' tag='245'><subfield code='6'>880-02</subfield><subfield code='a'>Kitāb-i taʼlīmāt-i ijtimāʼī va dīnī, chahārum-i dabistān :</subfield><subfield code='b'>tārikh, jughrāfī, va taʼlīmāt-i dīnī /</subfield><subfield code='c'>[taʼlīf-i Tūrān Mīr Hādī, bā hamkārī-i Laylʹa Aymān (Āhī), S̲imīn Bāghchahʹbān ; zīr-i naẓar-i ʻAlī Aṣghar Muhājir].</subfield></datafield><datafield ind1='1' ind2='0' tag='880'><subfield code='6'>245-02/(4/r</subfield><subfield code='a'>کتاب تاءلىمات اجتمائي و دىنى، چهارم دبستان :</subfield><subfield code='b'>تارخ، جغرافى، و تاءلىمات دىنى /</subfield><subfield code='c'>[تاءلىف توران مىر هادى، با همکارى لىل‌ اىمان (آهى)، ثمىن باغچه‌ان ؛ زىر نظر على اصغر مهاجر].</subfield></datafield><datafield ind1=' ' ind2=' ' tag='260'><subfield code='6'>880-03</subfield><subfield code='a'>[Tehran] :</subfield><subfield code='b'>Vizārat-i Farhang,</subfield><subfield code='c'>1343 [1964 or 1965]</subfield></datafield><datafield ind1=' ' ind2=' ' tag='880'><subfield code='6'>260-03/(3/r</subfield><subfield code='a'>[تهران] :</subfield><subfield code='b'>وزارت فرهنگ،</subfield><subfield code='c'>1343 [1964 ر 1965]</subfield></datafield><datafield ind1=' ' ind2=' ' tag='300'><subfield code='a'>241 pages</subfield></datafield><datafield ind1=' ' ind2=' ' tag='336'><subfield code='a'>text</subfield><subfield code='b'>txt</subfield><subfield code='2'>rdacontent</subfield></datafield><datafield ind1=' ' ind2=' ' tag='337'><subfield code='a'>unmediated</subfield><subfield code='b'>n</subfield><subfield code='2'>rdamedia</subfield></datafield><datafield ind1=' ' ind2=' ' tag='338'><subfield code='a'>volume</subfield><subfield code='b'>nc</subfield><subfield code='2'>rdacarrier</subfield></datafield><datafield ind1=' ' ind2=' ' tag='752'><subfield code='a'>Iran</subfield><subfield code='d'>Tehran.</subfield></datafield><datafield ind1='1' ind2=' ' tag='700'><subfield code='6'>880-04</subfield><subfield code='a'>Ayman, Laylá</subfield></datafield><datafield ind1='1' ind2=' ' tag='880'><subfield code='6'>700-04/(3/r</subfield><subfield code='a'>اىمن، لىلى.</subfield></datafield><datafield ind1='1' ind2=' ' tag='700'><subfield code='6'>880-05</subfield><subfield code='a'>Bāghchahʹbān, S̲īmīn.</subfield></datafield><datafield ind1='1' ind2=' ' tag='880'><subfield code='6'>700-05/(3/r</subfield><subfield code='a'>باغچه‌بان، ثىمىن.</subfield></datafield><datafield ind1='1' ind2=' ' tag='700'><subfield code='6'>880-06</subfield><subfield code='a'>Muhājir, ʻAlī Aṣghar</subfield></datafield><datafield ind1='1' ind2=' ' tag='880'><subfield code='6'>700-06/(3/r</subfield><subfield code='a'>مهاجر، على اصغر.</subfield></datafield><datafield ind1=' ' ind2=' ' tag='880'><subfield code='6'>758-00</subfield><subfield code='i'>has work:</subfield><subfield code='a'>کتاب تاءلىمات اجتمائي و دىنى، چهارم دبستان (Text)</subfield><subfield code='1'>https://id.oclc.org/worldcat/entity/E39PCGjppMKQFRTVtJYDKk7KBd</subfield><subfield code='4'>https://id.oclc.org/worldcat/ontology/hasWork</subfield></datafield><datafield ind1='1' ind2=' ' tag='583'><subfield code='a'>committed to retain</subfield><subfield code='c'>20181001</subfield><subfield code='d'>in perpetuity</subfield><subfield code='f'>ReCAP Shared Collection</subfield><subfield code='5'>HUL</subfield><subfield code='8'>221816684410003941</subfield></datafield><datafield ind1='0' ind2=' ' tag='852'><subfield code='c'>HD</subfield><subfield code='0'>13041054</subfield><subfield code='b'>scsbhl</subfield></datafield><datafield ind1=' ' ind2=' ' tag='876'><subfield code='0'>13041054</subfield><subfield code='a'>18840957</subfield><subfield code='h'> </subfield><subfield code='j'>Available</subfield><subfield code='k'>WID</subfield><subfield code='p'>HW5AUR</subfield><subfield code='x'>Shared</subfield><subfield code='z'>HW</subfield><subfield code='l'>HD</subfield></datafield></record>