
<record><leader>01322cam a2200397 a 4500</leader><controlfield tag='001'>SCSB-2855227</controlfield><controlfield tag='003'>NNC</controlfield><controlfield tag='005'>20220526045445.0</controlfield><controlfield tag='008'>910515s1990    bn a     b    000 0bhrv  </controlfield><controlfield tag='009'>964311</controlfield><datafield ind1=' ' ind2=' ' tag='010'><subfield code='a'>   91126636 </subfield></datafield><datafield ind1=' ' ind2=' ' tag='020'><subfield code='a'>8621003570</subfield></datafield><datafield ind1=' ' ind2=' ' tag='035'><subfield code='a'>(OCoLC)23583586</subfield></datafield><datafield ind1=' ' ind2=' ' tag='035'><subfield code='a'>(OCoLC)ocm23583586</subfield></datafield><datafield ind1=' ' ind2=' ' tag='035'><subfield code='a'>(CStRLIN)NYCG91-B50367</subfield></datafield><datafield ind1=' ' ind2=' ' tag='035'><subfield code='9'>AFG4457CU</subfield></datafield><datafield ind1=' ' ind2=' ' tag='035'><subfield code='a'>(NNC)964311</subfield></datafield><datafield ind1=' ' ind2=' ' tag='035'><subfield code='a'>964311</subfield></datafield><datafield ind1=' ' ind2=' ' tag='040'><subfield code='a'>DLC</subfield><subfield code='c'>DLC</subfield></datafield><datafield ind1='0' ind2=' ' tag='041'><subfield code='a'>scr</subfield><subfield code='b'>eng</subfield></datafield><datafield ind1=' ' ind2=' ' tag='043'><subfield code='a'>e-yu---</subfield></datafield><datafield ind1='0' ind2='0' tag='050'><subfield code='a'>NA1453.N4</subfield><subfield code='b'>K3 1990</subfield></datafield><datafield ind1='1' ind2=' ' tag='100'><subfield code='a'>Karlić-Kapetanović, Jelica.</subfield><subfield code='0'>http://id.loc.gov/authorities/names/n91026304</subfield></datafield><datafield ind1='1' ind2='0' tag='245'><subfield code='a'>Juraj Najdhart--život i djelo /</subfield><subfield code='c'>Jelica Karlić-Kapetanović.</subfield></datafield><datafield ind1=' ' ind2=' ' tag='260'><subfield code='a'>Sarajevo :</subfield><subfield code='b'>Veselin Masleša,</subfield><subfield code='c'>1990.</subfield></datafield><datafield ind1=' ' ind2=' ' tag='300'><subfield code='a'>383 pages :</subfield><subfield code='b'>illustrations ;</subfield><subfield code='c'>28 cm.</subfield></datafield><datafield ind1=' ' ind2=' ' tag='336'><subfield code='a'>text</subfield><subfield code='2'>rdacontent</subfield></datafield><datafield ind1=' ' ind2=' ' tag='337'><subfield code='a'>unmediated</subfield><subfield code='2'>rdamedia</subfield></datafield><datafield ind1=' ' ind2=' ' tag='338'><subfield code='a'>volume</subfield><subfield code='2'>rdacarrier</subfield></datafield><datafield ind1='1' ind2=' ' tag='490'><subfield code='a'>Biblioteka Kulturno nasljeđe</subfield></datafield><datafield ind1=' ' ind2=' ' tag='500'><subfield code='a'>In Serbo-Croatian (roman).</subfield></datafield><datafield ind1=' ' ind2=' ' tag='500'><subfield code='a'>Summary in English.</subfield></datafield><datafield ind1=' ' ind2=' ' tag='504'><subfield code='a'>Includes bibliographical references.</subfield></datafield><datafield ind1='1' ind2='0' tag='600'><subfield code='a'>Neidhardt, Juraj,</subfield><subfield code='d'>1901-1979.</subfield><subfield code='0'>http://id.loc.gov/authorities/names/n91026323</subfield></datafield><datafield ind1=' ' ind2='0' tag='650'><subfield code='a'>Architects</subfield><subfield code='z'>Yugoslavia</subfield><subfield code='v'>Biography.</subfield></datafield><datafield ind1=' ' ind2='0' tag='830'><subfield code='a'>Biblioteka Kulturno nasljeđe.</subfield><subfield code='0'>http://id.loc.gov/authorities/names/n83709458</subfield></datafield><datafield ind1='8' ind2='0' tag='852'><subfield code='h'>AA1453 N31 K14</subfield><subfield code='0'>2832552</subfield><subfield code='b'>scsbcul</subfield></datafield><datafield ind1=' ' ind2=' ' tag='876'><subfield code='0'>2832552</subfield><subfield code='a'>4470479</subfield><subfield code='h'>In Library Use</subfield><subfield code='j'>Available</subfield><subfield code='p'>AR65657861</subfield><subfield code='t'>1</subfield><subfield code='x'>Shared</subfield><subfield code='z'>AR</subfield><subfield code='l'>RECAP</subfield></datafield></record>