
<record><leader>01480nam a2200385 i 4500</leader><controlfield tag='001'>SCSB-15468206</controlfield><controlfield tag='005'>20260506180942.5</controlfield><controlfield tag='008'>260506s2026    bn aeh   b    000 0bbos d</controlfield><controlfield tag='009'>in00034228102</controlfield><datafield ind1=' ' ind2=' ' tag='020'><subfield code='a'>9789958181757</subfield><subfield code='q'>(paperback)</subfield></datafield><datafield ind1=' ' ind2=' ' tag='020'><subfield code='a'>9958181754</subfield><subfield code='q'>(paperback)</subfield></datafield><datafield ind1=' ' ind2=' ' tag='035'><subfield code='a'>(OCoLC)1589010251</subfield></datafield><datafield ind1=' ' ind2=' ' tag='040'><subfield code='a'>ZCU</subfield><subfield code='b'>eng</subfield><subfield code='e'>rda</subfield><subfield code='c'>ZCU</subfield></datafield><datafield ind1=' ' ind2=' ' tag='043'><subfield code='a'>e-bn---</subfield></datafield><datafield ind1=' ' ind2=' ' tag='049'><subfield code='a'>ZCUA</subfield></datafield><datafield ind1=' ' ind2='4' tag='050'><subfield code='a'>NA1455.B543</subfield><subfield code='b'>N435 2026</subfield></datafield><datafield ind1='1' ind2=' ' tag='100'><subfield code='a'>Karlić-Kapetanović, Jelica,</subfield><subfield code='e'>author.</subfield><subfield code='1'>https://id.oclc.org/worldcat/entity/E39PCjJHwGKVxCKvbg7QdKv6qP</subfield></datafield><datafield ind1='1' ind2='0' tag='245'><subfield code='a'>Juraj Najdhart :</subfield><subfield code='b'>život i djelo /</subfield><subfield code='c'>Jelica Karlić-Kapetanović</subfield></datafield><datafield ind1=' ' ind2='1' tag='264'><subfield code='a'>Zenica :</subfield><subfield code='b'>Vrijeme,</subfield><subfield code='c'>2026</subfield></datafield><datafield ind1=' ' ind2=' ' tag='300'><subfield code='a'>386 pages :</subfield><subfield code='b'>illustrations, plans, facsimiles ;</subfield><subfield code='c'>21 cm</subfield></datafield><datafield ind1=' ' ind2=' ' tag='336'><subfield code='a'>text</subfield><subfield code='b'>txt</subfield><subfield code='2'>rdacontent</subfield></datafield><datafield ind1=' ' ind2=' ' tag='337'><subfield code='a'>unmediated</subfield><subfield code='b'>n</subfield><subfield code='2'>rdamedia</subfield></datafield><datafield ind1=' ' ind2=' ' tag='338'><subfield code='a'>volume</subfield><subfield code='b'>nc</subfield><subfield code='2'>rdacarrier</subfield></datafield><datafield ind1='1' ind2=' ' tag='490'><subfield code='a'>Bosanski portreti</subfield></datafield><datafield ind1=' ' ind2=' ' tag='500'><subfield code='a'>In Bosnian</subfield></datafield><datafield ind1=' ' ind2=' ' tag='504'><subfield code='a'>Bibliography of Juraj Najdhart&apos;s works: pages 333-340</subfield></datafield><datafield ind1=' ' ind2=' ' tag='504'><subfield code='a'>Includes bibliographical references</subfield></datafield><datafield ind1='1' ind2='7' tag='600'><subfield code='a'>Neidhardt, Juraj,</subfield><subfield code='d'>1901-1979</subfield><subfield code='2'>fast</subfield><subfield code='0'>(OCoLC)fst00283133</subfield></datafield><datafield ind1=' ' ind2='7' tag='650'><subfield code='a'>Architects.</subfield><subfield code='2'>fast</subfield><subfield code='0'>(OCoLC)fst00813114</subfield></datafield><datafield ind1=' ' ind2='7' tag='651'><subfield code='a'>Bosnia and Herzegovina</subfield><subfield code='2'>fast</subfield><subfield code='0'>(OCoLC)fst01212749</subfield></datafield><datafield ind1=' ' ind2='7' tag='655'><subfield code='a'>Biographies.</subfield><subfield code='2'>fast</subfield><subfield code='0'>(OCoLC)fst01919896</subfield></datafield><datafield ind1=' ' ind2='0' tag='830'><subfield code='a'>Bosanski portreti.</subfield></datafield><datafield ind1=' ' ind2=' ' tag='948'><subfield code='a'>20260506</subfield><subfield code='b'>STATORGL</subfield><subfield code='c'>ib2450</subfield><subfield code='d'>MPB</subfield></datafield><datafield ind1=' ' ind2=' ' tag='960'><subfield code='a'>20260430</subfield><subfield code='s'>40.00</subfield><subfield code='f'>100/26</subfield><subfield code='t'>sho</subfield><subfield code='u'>2142APB</subfield></datafield><datafield ind1='0' ind2='0' tag='852'><subfield code='0'>16586295</subfield><subfield code='h'>NA1455.B543</subfield><subfield code='i'>N435 2026g</subfield><subfield code='b'>scsbcul</subfield></datafield><datafield ind1=' ' ind2=' ' tag='876'><subfield code='0'>16586295</subfield><subfield code='a'>23469619</subfield><subfield code='j'>Available</subfield><subfield code='p'>AR03569519</subfield><subfield code='t'>0</subfield><subfield code='x'>Committed</subfield><subfield code='z'>AR</subfield><subfield code='l'>RECAP</subfield></datafield></record>