
<record><leader>00000nam a2200277ua 4500</leader><controlfield tag='001'>SCSB-12646963</controlfield><controlfield tag='005'>20050119100722.0</controlfield><controlfield tag='008'>010822s2001    ne a     b    001 0 eng d</controlfield><controlfield tag='009'>990085945040203941</controlfield><datafield ind1=' ' ind2=' ' tag='015'><subfield code='a'>GBA3-56662</subfield></datafield><datafield ind1=' ' ind2=' ' tag='020'><subfield code='a'>0792368126</subfield></datafield><datafield ind1=' ' ind2=' ' tag='035'><subfield code='a'>(OCoLC)47830525</subfield><subfield code='z'>(OCoLC)1061797775</subfield><subfield code='z'>(OCoLC)1169971733</subfield></datafield><datafield ind1=' ' ind2=' ' tag='040'><subfield code='a'>UNL</subfield><subfield code='c'>UNL</subfield><subfield code='d'>UKM</subfield></datafield><datafield ind1=' ' ind2='4' tag='050'><subfield code='a'>QC173.98</subfield><subfield code='b'>.J65 2001</subfield></datafield><datafield ind1='0' ind2='4' tag='082'><subfield code='a'>501</subfield><subfield code='2'>21</subfield></datafield><datafield ind1=' ' ind2=' ' tag='090'><subfield code='a'>QC173.98</subfield><subfield code='b'>.J65 2001</subfield></datafield><datafield ind1='0' ind2='0' tag='245'><subfield code='a'>John von Neumann and the foundations of quantum physics /</subfield><subfield code='c'>edited by Miklós Rédei, Michael Stöltzner.</subfield></datafield><datafield ind1=' ' ind2=' ' tag='260'><subfield code='a'>Dordrecht ;</subfield><subfield code='a'>Boston :</subfield><subfield code='b'>Kluwer Academic,</subfield><subfield code='c'>c2001.</subfield></datafield><datafield ind1=' ' ind2=' ' tag='300'><subfield code='a'>ix, 371 p. :</subfield><subfield code='b'>ill. ;</subfield><subfield code='c'>24 cm.</subfield></datafield><datafield ind1='1' ind2=' ' tag='490'><subfield code='a'>Vienna Circle Institute yearbook ;</subfield><subfield code='v'>8</subfield></datafield><datafield ind1=' ' ind2=' ' tag='504'><subfield code='a'>Includes bibliographical references and index.</subfield></datafield><datafield ind1='0' ind2=' ' tag='505'><subfield code='a'>J. v. Neumann&apos;s Influence in Mathematical Physics / Walter Thirring -- The Axiomatic Method and the Foundations of Science: Historical Roots of Mathematical Physics in Gottingen (1900-1930) / Ulrich Majer -- Opportunistic Axiomatics -- von Neumann on the Methodology of Mathematical Physics / Michael Stoltzner -- Von Neumann&apos;s Theory of Quantum Measurement / Jeffrey Bub -- Von Neumann, Godel and Quantum Incompleteness / Thomas Breuer -- Entropy, von Neumann and the von Neumann Entropy / Denes Petz -- Why von Neumann Rejected Carnap&apos;s Dualism of Information Concepts / Eckehart Kohler -- On the Stone -- von Neumann Uniqueness Theorem and Its Ramifications / Stephen J. Summers -- Von Neumann&apos;s Concept of Quantum Logic and Quantum Probability / Miklos Redei -- The Impossible Causality: the No Hidden Variables Theorem of John von Neumann / Roberto Giuntini and Federico Laudisa -- Quantum Mechanics without Probabilities / Peter Mittelstaedt -- Critical Reflections on Quantum Probability Theory / Laszlo E. Szabo -- Unpublished Letters and Lectures by John Von Neumann -- Editors&apos; Notes -- Unpublished Correspondence -- Unsolved Problems in Mathematics (1954) -- Amsterdam Talk about &quot;Problems in Mathematics&quot; (1954) -- Quantum Mechanics of Infinite Systems (1935/6) -- A New Critique of Theological Interpretations of Physical Cosmology (7[superscript th] Vienna Circle Lecture) / Adolf Grunbaum -- Scientific Understanding in the Twentieth Century / Wesley C. Salmon -- From Russell&apos;s Logical Atomism to Carnap&apos;s Aufbau: Reinterpreting the Classic and Modern Theories on the Subject / Henrique Jales Ribeiro -- Recent Works on Otto Neurath / Massimo Ferrari -- Reconsidering Logical Positivism / Michael Friedman -- Causality and Explanation / Wesley C. Salmon -- Hans Reichenbach -- sein Leben und Wirken / Karin Gerner -- Austrian Realism: From Aristotelian Roots to the Vienna Circle / Edited by Barry Smith and Herbert Hochberg -- From Brouwer To Hilbert: The Debate on the Foundations of Mathematics in 1920s / Paolo Mancosu -- Philosophy of Mathematics : An Introduction to the World of Proofs and Pictures / Edited by James Robert Brown -- Ludwig Boltzmann: Troubled Genius as Philosopher / Edited by John Blackmore -- Unterwegs zur Musiksoziologie. Auf der Suche nach Heimat und Standort / Kurt Blaukopf -- Handbuch der deutschsprachigen Emigration 1933-1945 / Edited by Claus-Dieter Krohn, Patrik von zur Muhlen and Gerhard Paul.</subfield></datafield><datafield ind1=' ' ind2='0' tag='650'><subfield code='a'>Quantum theory</subfield><subfield code='x'>History</subfield></datafield><datafield ind1='1' ind2='0' tag='600'><subfield code='a'>Von Neumann, John,</subfield><subfield code='d'>1903-1957</subfield></datafield><datafield ind1=' ' ind2='7' tag='655'><subfield code='a'>History</subfield><subfield code='2'>fast</subfield><subfield code='0'>(OCoLC)fst01411628</subfield></datafield><datafield ind1='1' ind2=' ' tag='700'><subfield code='a'>Rédei, Miklós.</subfield></datafield><datafield ind1='1' ind2=' ' tag='700'><subfield code='a'>Stöltzner, Michael.</subfield></datafield><datafield ind1='0' ind2='8' tag='776'><subfield code='i'>Online version:</subfield><subfield code='t'>John von Neumann and the foundations of quantum physics.</subfield><subfield code='d'>Dordrecht ; Boston : Kluwer Academic, ©2001</subfield><subfield code='w'>(OCoLC)605588634</subfield></datafield><datafield ind1='0' ind2='8' tag='776'><subfield code='i'>Online version:</subfield><subfield code='t'>John von Neumann and the foundations of quantum physics.</subfield><subfield code='d'>Dordrecht ; Boston : Kluwer Academic, ©2001</subfield><subfield code='w'>(OCoLC)609155872</subfield></datafield><datafield ind1=' ' ind2='0' tag='830'><subfield code='a'>Vienna Circle Institute yearbook ;</subfield><subfield code='v'>8.</subfield></datafield><datafield ind1='1' ind2=' ' tag='583'><subfield code='a'>committed to retain</subfield><subfield code='c'>20181001</subfield><subfield code='d'>in perpetuity</subfield><subfield code='f'>ReCAP Shared Collection</subfield><subfield code='5'>HUL</subfield><subfield code='8'>222056029850003941</subfield></datafield><datafield ind1='0' ind2=' ' tag='852'><subfield code='c'>HD</subfield><subfield code='h'>QC173.98</subfield><subfield code='i'>.J65 2001</subfield><subfield code='0'>13490809</subfield><subfield code='b'>scsbhl</subfield></datafield><datafield ind1=' ' ind2=' ' tag='876'><subfield code='0'>13490809</subfield><subfield code='a'>19309438</subfield><subfield code='h'> </subfield><subfield code='j'>Available</subfield><subfield code='k'>WID</subfield><subfield code='p'>HXS6CA</subfield><subfield code='x'>Shared</subfield><subfield code='z'>HW</subfield><subfield code='l'>HD</subfield></datafield></record>