
<record><leader>14059pam a2200481 a 4500</leader><controlfield tag='001'>SCSB-5384348</controlfield><controlfield tag='003'>NNC</controlfield><controlfield tag='005'>20221122030901.0</controlfield><controlfield tag='008'>071002t20072007ilu      b    001 0 eng  </controlfield><controlfield tag='009'>6379912</controlfield><datafield ind1=' ' ind2=' ' tag='010'><subfield code='a'>  2007040959</subfield></datafield><datafield ind1=' ' ind2=' ' tag='020'><subfield code='a'>9780812696400 (trade pbk. : alk. paper)</subfield></datafield><datafield ind1=' ' ind2=' ' tag='020'><subfield code='a'>0812696409 (trade pbk. : alk. paper)</subfield></datafield><datafield ind1=' ' ind2=' ' tag='024'><subfield code='a'>40014963269</subfield></datafield><datafield ind1=' ' ind2=' ' tag='035'><subfield code='a'>(OCoLC)174138813</subfield></datafield><datafield ind1=' ' ind2=' ' tag='035'><subfield code='a'>(OCoLC)ocn174138813</subfield></datafield><datafield ind1=' ' ind2=' ' tag='035'><subfield code='a'>(DLC) 2007040959</subfield></datafield><datafield ind1=' ' ind2=' ' tag='035'><subfield code='a'>(NNC)6379912</subfield></datafield><datafield ind1=' ' ind2=' ' tag='035'><subfield code='a'>6379912</subfield></datafield><datafield ind1=' ' ind2=' ' tag='040'><subfield code='a'>DLC</subfield><subfield code='c'>DLC</subfield><subfield code='d'>YDX</subfield><subfield code='d'>BAKER</subfield><subfield code='d'>BTCTA</subfield><subfield code='d'>YDXCP</subfield><subfield code='d'>OrLoB-B</subfield></datafield><datafield ind1='0' ind2='0' tag='050'><subfield code='a'>B824.6</subfield><subfield code='b'>.U325 2007</subfield></datafield><datafield ind1='0' ind2='0' tag='082'><subfield code='a'>146/.42</subfield><subfield code='2'>22</subfield></datafield><datafield ind1='1' ind2=' ' tag='100'><subfield code='a'>Uebel, Thomas E.</subfield><subfield code='q'>(Thomas Ernst),</subfield><subfield code='d'>1952-</subfield><subfield code='0'>http://id.loc.gov/authorities/names/n91034695</subfield></datafield><datafield ind1='1' ind2='0' tag='245'><subfield code='a'>Empiricism at the crossroads :</subfield><subfield code='b'>the Vienna Circle&apos;s protocol-sentence debate /</subfield><subfield code='c'>Thomas Uebel.</subfield></datafield><datafield ind1=' ' ind2=' ' tag='260'><subfield code='a'>Chicago :</subfield><subfield code='b'>Open Court,</subfield><subfield code='c'>[2007], ©2007.</subfield></datafield><datafield ind1=' ' ind2=' ' tag='300'><subfield code='a'>xviii, 518 pages ;</subfield><subfield code='c'>23 cm.</subfield></datafield><datafield ind1=' ' ind2=' ' tag='336'><subfield code='a'>text</subfield><subfield code='b'>txt</subfield><subfield code='2'>rdacontent</subfield></datafield><datafield ind1=' ' ind2=' ' tag='337'><subfield code='a'>unmediated</subfield><subfield code='b'>n</subfield><subfield code='2'>rdamedia</subfield></datafield><datafield ind1='1' ind2=' ' tag='490'><subfield code='a'>Full circle</subfield></datafield><datafield ind1=' ' ind2=' ' tag='504'><subfield code='a'>Includes bibliographical references (p. 461-506) and index.</subfield></datafield><datafield ind1=' ' ind2=' ' tag='504'><subfield code='a'>Includes bibliographical references and index.</subfield></datafield><datafield ind1='0' ind2='0' tag='505'><subfield code='g'>Chapter 1.</subfield><subfield code='t'>Introduction: Naturalism, Deflationism, the Vienna Circle and the Protocol-Sentence Debate --</subfield><subfield code='g'>1.1.</subfield><subfield code='t'>Neurath&apos;s Boat as a Motto for Naturalism --</subfield><subfield code='g'>1.1.1.</subfield><subfield code='t'>Neurath&apos;s Boat and the Theory of Scientific Knowledge --</subfield><subfield code='g'>1.1.2.</subfield><subfield code='t'>Neurath and Quine on Naturalism --</subfield><subfield code='g'>1.1.3.</subfield><subfield code='t'>Naturalism and Deflationist Philosophy of Science --</subfield><subfield code='g'>1.2.</subfield><subfield code='t'>The Vienna Circle: Basic Doctrines and Aims --</subfield><subfield code='g'>1.2.1.</subfield><subfield code='t'>The Challenge to Empiricism --</subfield><subfield code='g'>1.2.2.</subfield><subfield code='t'>&quot;Logical Empiricism&quot; --</subfield><subfield code='g'>1.2.3.</subfield><subfield code='t'>The Unity of Science --</subfield><subfield code='g'>1.2.4.</subfield><subfield code='t'>The Point of &quot;Scientific Philosophy&quot; --</subfield><subfield code='g'>1.3.</subfield><subfield code='t'>Different Interpretations of Viennese Scientific Philosophy --</subfield><subfield code='g'>1.3.1.</subfield><subfield code='t'>The Traditional View of Vienna Circle Philosophy --</subfield><subfield code='g'>1.3.2.</subfield><subfield code='t'>The Neo-Kantian Reading of Carnap and its Deflationist Critics --</subfield><subfield code='g'>1.3.3.</subfield><subfield code='t'>The Neurathian Wing of Vienna Circle Scholarship --</subfield><subfield code='g'>1.4.</subfield><subfield code='t'>Approaching the Protocol-Sentence Debate --</subfield><subfield code='g'>1.4.1.</subfield><subfield code='t'>The Thematic Setting of the Debate --</subfield><subfield code='g'>1.4.2.</subfield><subfield code='t'>The Structure of the Debate --</subfield><subfield code='g'>1.5.</subfield><subfield code='t'>Course of Investigation --</subfield><subfield code='g'>Chapter 2.</subfield><subfield code='t'>The Background of the Protocol-Sentence Debate: Carnap&apos;s Aufbau --</subfield><subfield code='g'>2.1.</subfield><subfield code='t'>Carnap, Language Constructor: Overview of the Aufbau --</subfield><subfield code='g'>2.2.</subfield><subfield code='t'>Reconstructional Choices: The Mechanics of the Aufbau --</subfield><subfield code='g'>2.2.1.</subfield><subfield code='t'>The Phenomenalist Choice of the Object Domain --</subfield><subfield code='g'>2.2.2.</subfield><subfield code='t'>The Structuralist Choices of Language Form --</subfield><subfield code='g'>2.2.3.</subfield><subfield code='t'>The Compatibility of Ground Plan and Method --</subfield><subfield code='g'>2.3.</subfield><subfield code='t'>The Aim of the Aufbau-Project: Three Readings --</subfield><subfield code='g'>2.3.1.</subfield><subfield code='t'>The Traditional Reading: Phenomenalist Foundationalism --</subfield><subfield code='g'>2.3.2.</subfield><subfield code='t'>An Alternative Reading: Structuralist Neo-Kantianism --</subfield><subfield code='g'>2.3.3.</subfield><subfield code='t'>The Two Readings Compared --</subfield><subfield code='g'>2.3.4.</subfield><subfield code='t'>A Third Contender: Radical Deflationism --</subfield><subfield code='g'>2.4.</subfield><subfield code='t'>The Neo-Kantian and Deflationist Readings Evaluated --</subfield><subfield code='g'>2.4.1.</subfield><subfield code='t'>The Problem of the Basic Relation --</subfield><subfield code='g'>2.4.2.</subfield><subfield code='t'>Rational Reconstructionism and Conventionalism --</subfield><subfield code='g'>2.4.3.</subfield><subfield code='t'>The Crucial Tension in the Aufbau --</subfield><subfield code='g'>2.5.</subfield><subfield code='t'>Towards the Protocol-Sentence Debate --</subfield><subfield code='g'>Chapter 3.</subfield><subfield code='t'>Phase One, Stage Right: Schlick&apos;s Antiformalist Challenge to the Aufbau --</subfield><subfield code='g'>3.1.</subfield><subfield code='t'>Schlick before the Aufbau --</subfield><subfield code='g'>3.1.1.</subfield><subfield code='t'>The Central Problem of Allgemeine Erkenntnislehre --</subfield><subfield code='g'>3.1.2.</subfield><subfield code='t'>The Method of Coincidences --</subfield><subfield code='g'>3.1.3.</subfield><subfield code='t'>The Role of Coordinative Definitions --</subfield><subfield code='g'>3.2.</subfield><subfield code='t'>Schlick&apos;s and Carnap&apos;s Early Agreements --</subfield><subfield code='g'>3.2.1.</subfield><subfield code='t'>Axiom Systems and Constitution Systems --</subfield><subfield code='g'>3.2.2.</subfield><subfield code='t'>Against Intuitive Content --</subfield><subfield code='g'>3.3.</subfield><subfield code='t'>Schlick&apos;s Conception of Philosophy ca. 1930 --</subfield><subfield code='g'>3.3.1.</subfield><subfield code='t'>Meaning Determination Through Acts --</subfield><subfield code='g'>3.3.2.</subfield><subfield code='t'>The Point of Experiential Meaning Determination --</subfield><subfield code='g'>3.3.3.</subfield><subfield code='t'>The Certainty of Philosophical Knowledge --</subfield><subfield code='g'>3.4.</subfield><subfield code='t'>Schlick&apos;s Root Objection to the Aufbau --</subfield><subfield code='g'>3.4.1.</subfield><subfield code='t'>Wittgenstein and the Aufbau --</subfield><subfield code='g'>3.4.2.</subfield><subfield code='t'>The Representability of Logical Form --</subfield><subfield code='g'>3.4.3.</subfield><subfield code='t'>Carnap on the Representability of Logical Form --</subfield><subfield code='g'>3.4.4.</subfield><subfield code='t'>The Tension in Schlick&apos;s New Conception of Philosophy --</subfield><subfield code='g'>Chapter 4.</subfield><subfield code='t'>Phase One, Stage Left: Neurath&apos;s Naturalistic Challenge to the Aufbau --</subfield><subfield code='g'>4.1.</subfield><subfield code='t'>The Points of Agreement between Carnap and Neurath --</subfield><subfield code='g'>4.1.1.</subfield><subfield code='t'>Neurath before the Aufbau --</subfield><subfield code='g'>4.1.2.</subfield><subfield code='t'>Neurath&apos;s Agreement with Carnap&apos;s Aufbau --</subfield><subfield code='g'>4.1.3.</subfield><subfield code='t'>Early Opposition to Wittgenstein&apos;s Ineffability Thesis --</subfield><subfield code='g'>4.2.</subfield><subfield code='t'>Neurath&apos;s Criticisms of the Aufbau --</subfield><subfield code='g'>4.2.1.</subfield><subfield code='t'>Neurath&apos;s 1926 Qualms --</subfield><subfield code='g'>4.2.2.</subfield><subfield code='t'>Neurath&apos;s 1928 Criticisms --</subfield><subfield code='g'>4.2.3.</subfield><subfield code='t'>Carnap&apos;s Response --</subfield><subfield code='g'>4.2.4.</subfield><subfield code='t'>The Scope of Neurath&apos;s Criticism --</subfield><subfield code='g'>4.3.</subfield><subfield code='t'>The Aufbau, Scheinprobleme and Neurath&apos;s K.3 --</subfield><subfield code='g'>4.3.1.</subfield><subfield code='t'>K.3: &quot;Unclean&quot; Concept Formation --</subfield><subfield code='g'>4.3.2.</subfield><subfield code='t'>K.3: &quot;Unclean&quot; Cognition --</subfield><subfield code='g'>4.3.3.</subfield><subfield code='t'>Aufbau and Scheinprobleme: The Given as a Sign --</subfield><subfield code='g'>4.3.4.</subfield><subfield code='t'>Scheinprobleme: The Practical Irrelevance of &apos;Factual&apos; Representations --</subfield><subfield code='g'>4.4.</subfield><subfield code='t'>Neurath&apos;s Prague Address --</subfield><subfield code='g'>4.4.1.</subfield><subfield code='t'>Against the &apos;Ideal Language&apos; and the A Priori in Epistemology --</subfield><subfield code='g'>4.4.2.</subfield><subfield code='t'>Against Correspondence Truth --</subfield><subfield code='g'>4.4.3.</subfield><subfield code='t'>Neurath&apos;s Naturalism and Materialism --</subfield><subfield code='g'>4.5.</subfield><subfield code='t'>The Problem of Intersubjectivity --</subfield><subfield code='g'>4.5.1.</subfield><subfield code='t'>Carnap&apos;s Change of Position between 1928 and 1930 --</subfield><subfield code='g'>4.5.2.</subfield><subfield code='t'>Intersubjectivity in the Aufbau --</subfield><subfield code='g'>4.5.3.</subfield><subfield code='t'>Neider&apos;s Argument Explicated --</subfield><subfield code='g'>4.5.4.</subfield><subfield code='t'>The Inception of Physicalism --</subfield><subfield code='g'>Chapter 5.</subfield><subfield code='t'>The Background of Phases Two and Three: Carnap&apos;s Logical Syntax Project --</subfield><subfield code='g'>5.1.</subfield><subfield code='t'>Phase Two and Logical Syntax --</subfield><subfield code='g'>5.1.1.</subfield><subfield code='t'>The Emergence and Point of Carnap&apos;s Logical Syntax Project --</subfield><subfield code='g'>5.1.2.</subfield><subfield code='t'>The Different Stages of the Logical Syntax Project --</subfield><subfield code='g'>5.1.3.</subfield><subfield code='t'>Neurath&apos;s Adoption of Carnap&apos;s Syntactic Turn --</subfield><subfield code='g'>5.2.</subfield><subfield code='t'>The Distinctive Doctrines of Carnap&apos;s Logical Syntax --</subfield><subfield code='g'>5.2.1.</subfield><subfield code='t'>The Dissolution of Philosophical Disputes through Logical Tolerance --</subfield><subfield code='g'>5.2.2.</subfield><subfield code='t'>The Material and the Formal Modes of Speech --</subfield><subfield code='g'>5.3.</subfield><subfield code='t'>The Anomalies of Carnap&apos;s Syntacticism --</subfield><subfield code='g'>5.3.1.</subfield><subfield code='t'>Analyticity as a Syntactic Notion --</subfield><subfield code='g'>5.3.2.</subfield><subfield code='t'>Form as Meaning --</subfield><subfield code='g'>5.3.3.</subfield><subfield code='t'>Carnap&apos;s Syntacticism Reconsidered --</subfield><subfield code='g'>5.4.</subfield><subfield code='t'>Neurath&apos;s Adoption of the Syntactic Turn Assessed --</subfield><subfield code='g'>Chapter 6.</subfield><subfield code='t'>Phase Two, Overview and Substage One: Two Early Physicalisms --</subfield><subfield code='g'>6.1.</subfield><subfield code='t'>Overview of Phase Two --</subfield><subfield code='g'>6.1.1.</subfield><subfield code='t'>The Three Substages --</subfield><subfield code='g'>6.1.2.</subfield><subfield code='t'>The Influence of Wittgenstein-in-Transition: Waismann&apos;s &quot;Theses&quot; --</subfield><subfield code='g'>6.1.3.</subfield><subfield code='t'>Phase Two, Wittgenstein and the Development of the Syntax Project --</subfield><subfield code='g'>6.2.</subfield><subfield code='t'>Substage One --</subfield><subfield code='g'>6.2.1.</subfield><subfield code='t'>The Documentation of Substage One --</subfield><subfield code='g'>6.2.2.</subfield><subfield code='t'>The Significance of Substage One --</subfield><subfield code='g'>6.2.3.</subfield><subfield code='t'>Substage One and Wittgenstein: Waismann in the Circle, July 1930 --</subfield><subfield code='g'>6.3.</subfield><subfield code='t'>Carnap&apos;s Proto-Physicalism --</subfield><subfield code='g'>6.3.1.</subfield><subfield code='t'>Two Universal Languages --</subfield><subfield code='g'>6.3.2.</subfield><subfield code='t'>Epistemology in Carnap&apos;s Proto-Physicalism --</subfield><subfield code='g'>6.4.</subfield><subfield code='t'>Neurath&apos;s Proto-Physicalism --</subfield><subfield code='g'>6.4.1.</subfield><subfield code='t'>The Uniformity of the Domain of Unified Science --</subfield><subfield code='g'>6.4.2.</subfield><subfield code='t'>Antifoundationalist Holism --</subfield><subfield code='g'>6.4.3.</subfield><subfield code='t'>The Physical Languages of Unified Science --</subfield><subfield code='g'>Chapter 7.</subfield><subfield code='t'>Phase Two, Substage Two: Neurath&apos;s Challenge Radicalized --</subfield><subfield code='g'>7.1.</subfield><subfield code='t'>Discussions of Physicalism in Early 1931 --</subfield><subfield code='g'>7.1.1.</subfield><subfield code='t'>In the Circle, February 1931: Against Elementary Propositions --</subfield><subfield code='g'>7.1.2.</subfield><subfield code='t'>Carnap&apos;s Physicalism in Early 1931 --</subfield><subfield code='g'>7.1.3.</subfield><subfield code='t'>Neurath&apos;s Physicalism in Early 1931 --</subfield><subfield code='g'>7.2.</subfield><subfield code='t'>Neurath&apos;s 1931 Physicalist Charge in Publications --</subfield><subfield code='g'>7.2.1.</subfield><subfield code='t'>Neurath&apos;s Private Language Argument: A First Analysis --</subfield><subfield code='g'>7.2.2.</subfield><subfield code='t'>Neurath on Truth and Confirmation --</subfield><subfield code='g'>7.2.3.</subfield><subfield code='t'>Neurath&apos;s Naturalistic Theory of Scientific Knowledge --</subfield><subfield code='g'>7.3.</subfield><subfield code='t'>Carnap&apos;s Physicalism in Early 1932 --</subfield><subfield code='g'>7.3.1.</subfield><subfield code='t'>The &quot;Primitive&quot; Protocol Language Retained --</subfield><subfield code='g'>7.3.2.</subfield><subfield code='t'>The Physicalization of the Autopsychological and the Material/Formal Mode Distinction --</subfield><subfield code='g'>7.3.3.</subfield><subfield code='t'>The Epistemological Privilege of &quot;Primitive&quot; Protocol Statements --</subfield><subfield code='g'>7.4.</subfield><subfield code='t'>Carnap&apos;s and Neurath&apos;s &quot;Essential&quot; Agreement --</subfield><subfield code='g'>Chapter 8.</subfield><subfield code='t'>Phase Two, Substage Three: Neurath&apos;s Challenge Sustained --</subfield><subfield code='g'>8.1.</subfield><subfield code='t'>The State of the Debate, Spring 1932 --</subfield><subfield code='g'>8.1.1.</subfield><subfield code='t'>Carnap&apos;s and Neurath&apos;s Protocols Compared --</subfield><subfield code='g'>8.1.2.</subfield><subfield code='t'>Did Carnap and Neurath Misunderstand Each Other? --</subfield><subfield code='g'>8.2.</subfield><subfield code='t'>Neurath&apos;s Rejoinder --</subfield><subfield code='g'>8.2.1.</subfield><subfield code='t'>The Anti-Carnapian Argument of &quot;Protocol Statements&quot; --</subfield><subfield code='g'>8.2.2.</subfield><subfield code='t'>Neurath&apos;s Alternative Proposal for Protocol Statements --</subfield><subfield code='g'>8.3.</subfield><subfield code='t'>Carnap&apos;s Considered Response --</subfield><subfield code='g'>8.3.1.</subfield><subfield code='t'>The Defense of the Phenomenalistic Protocol Language --</subfield><subfield code='g'>8.3.2.</subfield><subfield code='t'>The Preference for a Physicalistic Protocol Language --</subfield><subfield code='g'>8.4.</subfield><subfield code='t'>The Outcome of Substage Three of Phase Two --</subfield><subfield code='g'>8.4.1.</subfield><subfield code='t'>Two Surface Disagreements and a Deep Suspicion --</subfield><subfield code='g'>8.4.2.</subfield><subfield code='t'>Zilsel&apos;s Query To Carnap --</subfield><subfield code='g'>8.4.3.</subfield><subfield code='t'>Carnap&apos;s Problematic Defense of Empiricism --</subfield><subfield code='g'>8.5.</subfield><subfield code='t'>Popper&apos;s Contribution to the Protocol-Sentence Debate --</subfield><subfield code='g'>8.5.1.</subfield><subfield code='t'>The Birth of Critical Rationalism: The Clash of Two Narratives --</subfield><subfield code='g'>8.5.2.</subfield><subfield code='t'>Popper&apos;s Criticisms of the Aufbau --</subfield><subfield code='g'>8.5.3.</subfield><subfield code='t'>Popper&apos;s Characterization of Vienna Circle Positions Queried --</subfield><subfield code='g'>8.5.4.</subfield><subfield code='t'>Popper&apos;s Characterization of Neurath&apos;s Position Assessed --</subfield><subfield code='g'>8.5.5.</subfield><subfield code='t'>Carnap and Popper&apos;s Anti-Psychologisms --</subfield><subfield code='g'>8.5.6.</subfield><subfield code='t'>Popper&apos;s Role in the Development of Carnap&apos;s Views --</subfield><subfield code='g'>Chapter 9.</subfield><subfield code='t'>Phase Three: Schlick&apos;s Critique of Radical Physicalism --</subfield><subfield code='g'>9.1.</subfield><subfield code='t'>The End of an Era --</subfield><subfield code='g'>9.1.1.</subfield><subfield code='t'>From Phase Two to Phase Three: In the Circle --</subfield><subfield code='g'>9.1.2.</subfield><subfield code='t'>The Darkening Political Situation --</subfield><subfield code='g'>9.1.3.</subfield><subfield code='t'>Phase Three Begins: The Circle after Hahn --</subfield><subfield code='g'>9.2.</subfield><subfield code='t'>Phase Three, Substage One: The Schlick-Neurath Exchange --</subfield><subfield code='g'>9.2.1.</subfield><subfield code='t'>Schlick&apos;s Rejection of Radical Physicalism --</subfield><subfield code='g'>9.2.2.</subfield><subfield code='t'>Neurath&apos;s Rejoinder to Schlick --</subfield></datafield><datafield ind1='8' ind2='0' tag='505'><subfield code='g'>9.2.3.</subfield><subfield code='t'>The Outcome of Substage One: Communication Breakdown --</subfield><subfield code='g'>9.3.</subfield><subfield code='t'>Phase Three, Substage Two: The Hempel-Schlick Exchange --</subfield><subfield code='g'>9.3.1.</subfield><subfield code='t'>Hempel&apos;s Intervention --</subfield><subfield code='g'>9.3.2.</subfield><subfield code='t'>Schlick&apos;s Response and Hempel&apos;s Rejoinder --</subfield><subfield code='g'>9.3.3.</subfield><subfield code='t'>The Outcome of Substage Two: A Twist in the Tale --</subfield><subfield code='g'>9.4.</subfield><subfield code='t'>Phase Three, Substage Three: Schlick&apos;s Coda --</subfield><subfield code='g'>9.4.1.</subfield><subfield code='t'>Schlick&apos;s &quot;On &apos;Affirmations&apos;&quot; --</subfield><subfield code='g'>9.4.2.</subfield><subfield code='t'>The Appropriation of Wittgenstein&apos;s &quot;Grammar&quot; --</subfield><subfield code='g'>9.4.3.</subfield><subfield code='t'>The Outcome of Substage Three: Schlick&apos;s Position Clarified --</subfield><subfield code='g'>Chapter 10.</subfield><subfield code='t'>Phase Four: Carnap&apos;s New Turn and Schlick&apos;s Last Stand --</subfield><subfield code='g'>10.1.</subfield><subfield code='t'>Phase Four: Carnap at the Paris Congress --</subfield><subfield code='g'>10.1.1.</subfield><subfield code='t'>Carnap&apos;s Discovery of Tarski&apos;s Theory of Truth --</subfield><subfield code='g'>10.1.2.</subfield><subfield code='t'>The Distinction between Truth and Confirmation --</subfield><subfield code='g'>10.1.3.</subfield><subfield code='t'>The Liberalization of Empiricism --</subfield><subfield code='g'>10.2.</subfield><subfield code='t'>Schlick&apos;s Critique of Carnap --</subfield><subfield code='g'>10.2.1.</subfield><subfield code='t'>The Interpretation of Wittgenstein --</subfield><subfield code='g'>10.2.2.</subfield><subfield code='t'>How to Theorize about Language --</subfield><subfield code='g'>10.2.3.</subfield><subfield code='t'>The Limits of Conventionalism --</subfield><subfield code='g'>10.2.4.</subfield><subfield code='t'>Different Conceptions of Language and Philosophical Concerns --</subfield><subfield code='g'>10.3.</subfield><subfield code='t'>Schlick&apos;s &quot;Foundationalism&quot; Assessed --</subfield><subfield code='g'>10.3.1.</subfield><subfield code='t'>Getting the Measure of Schlick&apos;s Affirmations --</subfield><subfield code='g'>10.3.2.</subfield><subfield code='t'>Interpreting Schlick&apos;s Affirmations --</subfield><subfield code='g'>10.3.3.</subfield><subfield code='t'>Evaluating Schlick&apos;s Theory of Affirmations --</subfield><subfield code='g'>Chapter 11.</subfield><subfield code='t'>Neurath&apos;s Theory of Protocol Statements --</subfield><subfield code='g'>11.1.</subfield><subfield code='t'>The Viennese Reception of Neurath&apos;s Proposal --</subfield><subfield code='g'>11.2.</subfield><subfield code='t'>Neurath&apos;s Continuing Advocacy of his Proposal --</subfield><subfield code='g'>11.2.1.</subfield><subfield code='t'>Further Remarks on Protocol Statements --</subfield><subfield code='g'>11.2.2.</subfield><subfield code='t'>How to Answer Neurath&apos;s Critics --</subfield><subfield code='g'>11.3.</subfield><subfield code='t'>Neurath&apos;s Proposal Decoded --</subfield><subfield code='g'>11.3.1.</subfield><subfield code='t'>The Decomposition of Neurath&apos;s Protocols --</subfield><subfield code='g'>11.3.2.</subfield><subfield code='t'>The &quot;Formal&quot; Conditions on the Acceptance of Protocol Statements --</subfield><subfield code='g'>11.3.3.</subfield><subfield code='t'>The &quot;Pragmatic&quot; Condition on Theory Testing --</subfield><subfield code='g'>11.3.4.</subfield><subfield code='t'>Protocol Statements as Scientific Testimony --</subfield><subfield code='g'>11.4.</subfield><subfield code='t'>Neurath&apos;s Proposal Vindicated --</subfield><subfield code='g'>11.4.1.</subfield><subfield code='t'>The Inapplicability of the Standard Criticisms --</subfield><subfield code='g'>11.4.2.</subfield><subfield code='t'>Carnap&apos;s Non-Psychologistic Alternative --</subfield><subfield code='g'>11.4.3.</subfield><subfield code='t'>Comparison with Quine&apos;s Observation Sentences --</subfield><subfield code='g'>11.4.4.</subfield><subfield code='t'>Comparison with Contemporary Work on Observation --</subfield><subfield code='g'>11.4.5.</subfield><subfield code='t'>Comparison with Contemporary Work on Testimony --</subfield><subfield code='g'>Chapter 12.</subfield><subfield code='t'>Neurath and Carnap: Naturalism or Rational Reconstructionism? --</subfield><subfield code='g'>12.1.</subfield><subfield code='t'>Neurath&apos;s pre-Wittgensteinian Private Language Argument --</subfield><subfield code='g'>12.1.1.</subfield><subfield code='t'>Carnap&apos;s and Neurath&apos;s Private Language Arguments Compared --</subfield><subfield code='g'>12.1.2.</subfield><subfield code='t'>Logic of Science versus Behavioristics of Scholars? --</subfield><subfield code='g'>12.1.3.</subfield><subfield code='t'>Later Uses of Neurath&apos;s Private Language Argument --</subfield><subfield code='g'>12.1.4.</subfield><subfield code='t'>The Prehistory of Neurath&apos;s Argument --</subfield><subfield code='g'>12.1.5.</subfield><subfield code='t'>Carnap&apos;s Deflection of Neurath&apos;s Argument Assessed --</subfield><subfield code='g'>12.2.</subfield><subfield code='t'>Is Neurath&apos;s Naturalism Incompatible with Carnap&apos;s Reconstructionism? --</subfield><subfield code='g'>12.2.1.</subfield><subfield code='t'>Neurath&apos;s Ballungen Against Rational Reconstruction? --</subfield><subfield code='g'>12.2.2.</subfield><subfield code='t'>The Commensuration of Observation and System Language --</subfield><subfield code='g'>12.3.</subfield><subfield code='t'>Neurath&apos;s Naturalism Is Compatible With Carnap&apos;s Reconstructionism --</subfield><subfield code='g'>12.3.1.</subfield><subfield code='t'>Neurath and the Analytic/Synthetic Distinction --</subfield><subfield code='g'>12.3.2.</subfield><subfield code='t'>On the Unity and Objectivity of Science --</subfield><subfield code='g'>12.3.3.</subfield><subfield code='t'>On Truth, Semantics and Logic --</subfield><subfield code='g'>12.4.</subfield><subfield code='t'>Open Issues --</subfield><subfield code='g'>Chapter 13.</subfield><subfield code='t'>Conclusion: Three Defenses of Empiricism --</subfield><subfield code='g'>13.1.</subfield><subfield code='t'>The &quot;Critical&quot; Protocol-Sentence Debate --</subfield><subfield code='g'>13.2.</subfield><subfield code='t'>The Content, Form and Status of Basic Evidence Statements --</subfield><subfield code='g'>13.2.1.</subfield><subfield code='t'>The Content of Basic Evidence Statements --</subfield><subfield code='g'>13.2.2.</subfield><subfield code='t'>The Form of Basic Evidence Statements --</subfield><subfield code='g'>13.2.3.</subfield><subfield code='t'>The Epistemological Status of Basic Statements --</subfield><subfield code='g'>13.2.4.</subfield><subfield code='t'>The Answers to the Basis Question --</subfield><subfield code='g'>13.3.</subfield><subfield code='t'>Foundationalism Again: The Case of Carnap --</subfield><subfield code='g'>13.4.</subfield><subfield code='t'>The Underlying Problems of the Debate --</subfield><subfield code='g'>13.5.</subfield><subfield code='t'>Three Conceptions of the Theory of Scientific Knowledge --</subfield><subfield code='g'>13.6.</subfield><subfield code='t'>Coda: The Image of Scientific Reason in the Protocol-Sentence Debate.</subfield></datafield><datafield ind1=' ' ind2=' ' tag='520'><subfield code='a'>&quot;Reconstructs and analyzes the Vienna Circle&apos;s protocol-sentence debate and the positions of the central theorists involved: Moritz Schlick, Rudolf Carnap, and Otto Neurath&quot;--Provided by publisher.</subfield></datafield><datafield ind1=' ' ind2='0' tag='650'><subfield code='a'>Vienna circle.</subfield><subfield code='0'>http://id.loc.gov/authorities/subjects/sh87005634</subfield></datafield><datafield ind1=' ' ind2='0' tag='650'><subfield code='a'>Logical positivism.</subfield><subfield code='0'>http://id.loc.gov/authorities/subjects/sh85078124</subfield></datafield><datafield ind1=' ' ind2='0' tag='650'><subfield code='a'>Empiricism.</subfield><subfield code='0'>http://id.loc.gov/authorities/subjects/sh85042851</subfield></datafield><datafield ind1='1' ind2='0' tag='600'><subfield code='a'>Schlick, Moritz,</subfield><subfield code='d'>1882-1936.</subfield><subfield code='0'>http://id.loc.gov/authorities/names/n79099431</subfield></datafield><datafield ind1='1' ind2='0' tag='600'><subfield code='a'>Carnap, Rudolf,</subfield><subfield code='d'>1891-1970.</subfield><subfield code='0'>http://id.loc.gov/authorities/names/n78081239</subfield></datafield><datafield ind1='1' ind2='0' tag='600'><subfield code='a'>Neurath, Otto,</subfield><subfield code='d'>1882-1945.</subfield><subfield code='0'>http://id.loc.gov/authorities/names/n82043653</subfield></datafield><datafield ind1=' ' ind2='0' tag='830'><subfield code='a'>Full circle.</subfield><subfield code='0'>http://id.loc.gov/authorities/names/n2004090586</subfield></datafield><datafield ind1='0' ind2='0' tag='852'><subfield code='h'>B824.6 .U325 2007</subfield><subfield code='0'>5373897</subfield><subfield code='b'>scsbcul</subfield></datafield><datafield ind1=' ' ind2=' ' tag='876'><subfield code='0'>5373897</subfield><subfield code='a'>7976068</subfield><subfield code='h'> </subfield><subfield code='j'>Available</subfield><subfield code='p'>CU12999059</subfield><subfield code='t'>1</subfield><subfield code='x'>Shared</subfield><subfield code='z'>CU</subfield><subfield code='l'>RECAP</subfield></datafield></record>