
<record><leader>00963nam a2200217ui 4500</leader><controlfield tag='001'>SCSB-10023416</controlfield><controlfield tag='005'>20150512151857.0</controlfield><controlfield tag='008'>941116s1969    xx            000 0 eng d</controlfield><controlfield tag='009'>990049783680203941</controlfield><datafield ind1=' ' ind2=' ' tag='035'><subfield code='a'>(OCoLC)84941279</subfield></datafield><datafield ind1=' ' ind2=' ' tag='040'><subfield code='a'>HFL</subfield><subfield code='c'>HFL</subfield></datafield><datafield ind1='1' ind2='4' tag='050'><subfield code='a'>N5020.E2</subfield><subfield code='b'>A3</subfield></datafield><datafield ind1='0' ind2='0' tag='245'><subfield code='a'>Black white :</subfield><subfield code='b'>exhibition of paintings and constructions by Bauermeister ... [et al., Lafayette College, Easton, Pennsylvania, Art Gallery, Van Wickle Hall, October 12th to 27th, 1969.</subfield></datafield><datafield ind1=' ' ind2=' ' tag='260'><subfield code='a'>[S.l. :</subfield><subfield code='b'>s.n.,</subfield><subfield code='c'>1969]</subfield></datafield><datafield ind1=' ' ind2=' ' tag='300'><subfield code='a'>20 p. :</subfield><subfield code='b'>all ill. ;</subfield><subfield code='c'>24 x 24 cm.</subfield></datafield><datafield ind1=' ' ind2=' ' tag='500'><subfield code='a'>Title from p. [2] of cover.</subfield></datafield><datafield ind1=' ' ind2=' ' tag='500'><subfield code='a'>&quot;To be circulated by the Smithsonian Institution Traveling Exhibition Service.&quot;</subfield></datafield><datafield ind1='1' ind2='0' tag='600'><subfield code='a'>Bauermeister, Mary,</subfield><subfield code='d'>1934-2023</subfield></datafield><datafield ind1=' ' ind2='9' tag='690'><subfield code='a'>Art</subfield><subfield code='x'>History</subfield><subfield code='y'>20th century</subfield><subfield code='x'>Exhibitions.</subfield><subfield code='5'>fal</subfield></datafield><datafield ind1='2' ind2=' ' tag='710'><subfield code='a'>Morris R. Williams Center for the Arts.</subfield><subfield code='b'>Gallery.</subfield></datafield><datafield ind1='2' ind2=' ' tag='710'><subfield code='a'>Smithsonian Institution.</subfield><subfield code='b'>National Collection of Fine Arts Traveling Exhibition Service.</subfield></datafield><datafield ind1='1' ind2=' ' tag='583'><subfield code='a'>committed to retain</subfield><subfield code='c'>20181001</subfield><subfield code='d'>in perpetuity</subfield><subfield code='f'>ReCAP Shared Collection</subfield><subfield code='5'>HUL</subfield><subfield code='8'>221940487310003941</subfield></datafield><datafield ind1='7' ind2=' ' tag='852'><subfield code='2'>ZHCL</subfield><subfield code='c'>HD</subfield><subfield code='h'>FA438.309</subfield><subfield code='0'>10769666</subfield><subfield code='b'>scsbhl</subfield></datafield><datafield ind1=' ' ind2=' ' tag='876'><subfield code='0'>10769666</subfield><subfield code='a'>16467410</subfield><subfield code='h'> </subfield><subfield code='j'>Available</subfield><subfield code='k'>FAL</subfield><subfield code='p'>FL3EJW</subfield><subfield code='x'>Shared</subfield><subfield code='z'>FL</subfield><subfield code='l'>HD</subfield></datafield></record>