
<record><leader>01332cam a2200313ua 4500</leader><controlfield tag='001'>SCSB-5641964</controlfield><controlfield tag='003'>NNC</controlfield><controlfield tag='005'>20230118193618.0</controlfield><controlfield tag='008'>120620s1999    paua          000 0 eng d</controlfield><controlfield tag='009'>9502102</controlfield><datafield ind1=' ' ind2=' ' tag='035'><subfield code='a'>(OCoLC)ocn827551775</subfield></datafield><datafield ind1=' ' ind2=' ' tag='035'><subfield code='a'>(OCoLC)827551775</subfield></datafield><datafield ind1=' ' ind2=' ' tag='035'><subfield code='a'>(NNC)9502102</subfield></datafield><datafield ind1=' ' ind2=' ' tag='035'><subfield code='a'>9502102</subfield></datafield><datafield ind1=' ' ind2=' ' tag='040'><subfield code='a'>LAF</subfield><subfield code='c'>LAF</subfield><subfield code='d'>OCLCO</subfield><subfield code='d'>NNC</subfield></datafield><datafield ind1='0' ind2='4' tag='245'><subfield code='a'>The Parthenon project :</subfield><subfield code='b'>an installation by Paul Rosenblatt and Judith Turner.</subfield></datafield><datafield ind1=' ' ind2=' ' tag='260'><subfield code='a'>Easton, Pa. :</subfield><subfield code='b'>Lafayette College, Williams Center for the Arts,</subfield><subfield code='c'>1999.</subfield></datafield><datafield ind1=' ' ind2=' ' tag='300'><subfield code='a'>16 pages :</subfield><subfield code='b'>illustrations ;</subfield><subfield code='c'>14 x 22 cm</subfield></datafield><datafield ind1=' ' ind2=' ' tag='336'><subfield code='a'>text</subfield><subfield code='b'>txt</subfield><subfield code='2'>rdacontent</subfield></datafield><datafield ind1=' ' ind2=' ' tag='337'><subfield code='a'>unmediated</subfield><subfield code='b'>n</subfield><subfield code='2'>rdamedia</subfield></datafield><datafield ind1=' ' ind2=' ' tag='500'><subfield code='a'>The Parthenon Project is an installation created by architect Paul Rosenblatt and photographer Judith Turner.</subfield></datafield><datafield ind1=' ' ind2=' ' tag='500'><subfield code='a'>Catalog of an exhibition held at Williams Center for the Arts, September 27 - October 31, 1999.</subfield></datafield><datafield ind1='1' ind2='0' tag='600'><subfield code='a'>Rosenblatt, Paul,</subfield><subfield code='d'>1959-</subfield><subfield code='v'>Exhibitions.</subfield></datafield><datafield ind1='1' ind2='0' tag='600'><subfield code='a'>Turner, Judith</subfield><subfield code='v'>Exhibitions.</subfield></datafield><datafield ind1='2' ind2='0' tag='610'><subfield code='a'>Parthenon (Athens, Greece)</subfield><subfield code='x'>In art.</subfield></datafield><datafield ind1=' ' ind2='0' tag='650'><subfield code='a'>Installations (Art)</subfield><subfield code='v'>Exhibitions.</subfield><subfield code='0'>http://id.loc.gov/authorities/subjects/sh2008104691</subfield></datafield><datafield ind1='2' ind2=' ' tag='710'><subfield code='a'>Morris R. Williams Center for the Arts.</subfield><subfield code='b'>Gallery.</subfield><subfield code='0'>http://id.loc.gov/authorities/names/nr93037116</subfield></datafield><datafield ind1='0' ind2='0' tag='852'><subfield code='h'>N6537.R579 A4 1999g</subfield><subfield code='0'>5631479</subfield><subfield code='b'>scsbcul</subfield></datafield><datafield ind1=' ' ind2=' ' tag='876'><subfield code='0'>5631479</subfield><subfield code='a'>8318045</subfield><subfield code='h'>In Library Use</subfield><subfield code='j'>Available</subfield><subfield code='p'>AR00795372</subfield><subfield code='t'>1</subfield><subfield code='x'>Shared</subfield><subfield code='z'>AR</subfield><subfield code='l'>RECAP</subfield></datafield></record>