
<record><leader>01293cam a2200349 a 4500</leader><controlfield tag='001'>SCSB-10960831</controlfield><controlfield tag='005'>20020606090541.3</controlfield><controlfield tag='008'>860617s1988    dcua     b    00000 eng  </controlfield><controlfield tag='009'>990016143650203941</controlfield><datafield ind1=' ' ind2=' ' tag='010'><subfield code='a'>^^^86016585^</subfield></datafield><datafield ind1=' ' ind2=' ' tag='035'><subfield code='a'>(OCoLC)13822214</subfield></datafield><datafield ind1=' ' ind2=' ' tag='040'><subfield code='a'>DLC</subfield><subfield code='c'>DLC</subfield><subfield code='d'>OCL</subfield><subfield code='d'>AGL</subfield><subfield code='d'>OCL</subfield><subfield code='d'>FLL</subfield></datafield><datafield ind1=' ' ind2=' ' tag='043'><subfield code='a'>n-us---</subfield><subfield code='a'>n-us-sc</subfield><subfield code='a'>n-us-nj</subfield></datafield><datafield ind1='0' ind2=' ' tag='050'><subfield code='a'>QH104</subfield><subfield code='b'>.G74 1988</subfield></datafield><datafield ind1=' ' ind2='0' tag='072'><subfield code='a'>M300</subfield><subfield code='a'>F100</subfield><subfield code='a'>P200</subfield></datafield><datafield ind1='0' ind2=' ' tag='082'><subfield code='a'>333.91/816/0973</subfield><subfield code='2'>19</subfield></datafield><datafield ind1='0' ind2='0' tag='245'><subfield code='a'>Greenhouse effect, sea level rise, and coastal wetlands /</subfield><subfield code='c'>edited by James G. Titus ; other contributors, Timothy W. Kana ... [et al.].</subfield></datafield><datafield ind1=' ' ind2=' ' tag='260'><subfield code='a'>Washington, D.C. :</subfield><subfield code='b'>U.S. Environmental Protection Agency,</subfield><subfield code='c'>1988.</subfield></datafield><datafield ind1=' ' ind2=' ' tag='300'><subfield code='a'>v, 152 p. :</subfield><subfield code='b'>ill. ;</subfield><subfield code='c'>23 cm.</subfield></datafield><datafield ind1=' ' ind2=' ' tag='500'><subfield code='a'>&quot;July 1988&quot;--Cover.</subfield></datafield><datafield ind1=' ' ind2=' ' tag='504'><subfield code='a'>Includes bibliographies.</subfield></datafield><datafield ind1=' ' ind2='0' tag='650'><subfield code='a'>Wetlands</subfield><subfield code='z'>United States.</subfield></datafield><datafield ind1=' ' ind2='0' tag='650'><subfield code='a'>Wetland conservation</subfield><subfield code='z'>United States</subfield></datafield><datafield ind1=' ' ind2='0' tag='650'><subfield code='a'>Greenhouse effect, Atmospheric</subfield><subfield code='z'>United States.</subfield></datafield><datafield ind1=' ' ind2='0' tag='650'><subfield code='a'>Sea level</subfield><subfield code='z'>South Carolina</subfield><subfield code='z'>Charleston Region.</subfield></datafield><datafield ind1=' ' ind2='0' tag='650'><subfield code='a'>Sea level</subfield><subfield code='z'>New Jersey</subfield><subfield code='z'>Long Beach Island.</subfield></datafield><datafield ind1=' ' ind2='0' tag='650'><subfield code='a'>Sea level</subfield><subfield code='z'>United States.</subfield></datafield><datafield ind1='1' ind2=' ' tag='700'><subfield code='a'>Titus, James G.</subfield></datafield><datafield ind1='1' ind2=' ' tag='700'><subfield code='a'>Kana, Timothy W.,</subfield><subfield code='d'>1949-</subfield></datafield><datafield ind1='0' ind2=' ' tag='730'><subfield code='a'>Environmental assessment collection</subfield><subfield code='5'>env</subfield></datafield><datafield ind1='0' ind2='8' tag='776'><subfield code='i'>Online version:</subfield><subfield code='t'>Greenhouse effect, sea level rise, and coastal wetlands.</subfield><subfield code='d'>Washington, D.C. : U.S. Environmental Protection Agency, 1988</subfield><subfield code='w'>(OCoLC)987913075</subfield></datafield><datafield ind1='1' ind2=' ' tag='583'><subfield code='a'>committed to retain</subfield><subfield code='c'>20181001</subfield><subfield code='d'>in perpetuity</subfield><subfield code='f'>ReCAP Shared Collection</subfield><subfield code='5'>HUL</subfield><subfield code='8'>221793431120003941</subfield></datafield><datafield ind1='0' ind2=' ' tag='852'><subfield code='c'>HD</subfield><subfield code='h'>QH104</subfield><subfield code='i'>.G74 1988</subfield><subfield code='0'>11755549</subfield><subfield code='b'>scsbhl</subfield></datafield><datafield ind1=' ' ind2=' ' tag='876'><subfield code='0'>11755549</subfield><subfield code='a'>17506896</subfield><subfield code='h'> </subfield><subfield code='j'>Available</subfield><subfield code='k'>WID</subfield><subfield code='p'>EV15YK</subfield><subfield code='x'>Shared</subfield><subfield code='z'>EV</subfield><subfield code='l'>HD</subfield></datafield></record>