
<record><leader>01763cam a2200433 a 4500</leader><controlfield tag='001'>SCSB-2571739</controlfield><controlfield tag='003'>NNC</controlfield><controlfield tag='005'>20220525202709.0</controlfield><controlfield tag='008'>870702s1986    dcua     b   f000 0 eng  </controlfield><controlfield tag='009'>578411</controlfield><datafield ind1=' ' ind2=' ' tag='010'><subfield code='a'>   86011454 </subfield></datafield><datafield ind1=' ' ind2=' ' tag='035'><subfield code='a'>(OCoLC)13560670</subfield></datafield><datafield ind1=' ' ind2=' ' tag='035'><subfield code='a'>(OCoLC)ocm13560670</subfield></datafield><datafield ind1=' ' ind2=' ' tag='035'><subfield code='a'>(CStRLIN)NYCG87-B58226</subfield></datafield><datafield ind1=' ' ind2=' ' tag='035'><subfield code='9'>ACN2135CU</subfield></datafield><datafield ind1=' ' ind2=' ' tag='035'><subfield code='a'>(NNC)578411</subfield></datafield><datafield ind1=' ' ind2=' ' tag='035'><subfield code='a'>578411</subfield></datafield><datafield ind1=' ' ind2=' ' tag='043'><subfield code='a'>n-us-ny</subfield><subfield code='a'>n-us-de</subfield><subfield code='a'>n-us-nj</subfield></datafield><datafield ind1='0' ind2='0' tag='050'><subfield code='a'>GC89</subfield><subfield code='b'>.G75 1986</subfield></datafield><datafield ind1='0' ind2=' ' tag='082'><subfield code='a'>363.7/394</subfield><subfield code='2'>19</subfield></datafield><datafield ind1=' ' ind2=' ' tag='090'><subfield code='a'>GC89</subfield><subfield code='b'>.G75 1986</subfield></datafield><datafield ind1='0' ind2='0' tag='245'><subfield code='a'>Greenhouse effect, sea level rise, and salinity in the Delaware Estuary /</subfield><subfield code='c'>edited by C.H.J. Hull, James G. Titus ; other contributors, Gerard P. Lennon [and others].</subfield></datafield><datafield ind1=' ' ind2=' ' tag='260'><subfield code='a'>[Washington, D.C.] :</subfield><subfield code='b'>United States Environmental Protection Agency ;</subfield><subfield code='a'>[Trenton, N.J.] :</subfield><subfield code='b'>Delaware River Basin Commission,</subfield><subfield code='c'>[1986]</subfield></datafield><datafield ind1=' ' ind2=' ' tag='300'><subfield code='a'>vii, 88 pages :</subfield><subfield code='b'>illustrations ;</subfield><subfield code='c'>28 cm</subfield></datafield><datafield ind1=' ' ind2=' ' tag='336'><subfield code='a'>text</subfield><subfield code='2'>rdacontent</subfield></datafield><datafield ind1=' ' ind2=' ' tag='337'><subfield code='a'>unmediated</subfield><subfield code='2'>rdamedia</subfield></datafield><datafield ind1=' ' ind2=' ' tag='338'><subfield code='a'>volume</subfield><subfield code='2'>rdacarrier</subfield></datafield><datafield ind1=' ' ind2=' ' tag='500'><subfield code='a'>&quot;May 1986&quot;--Cover.</subfield></datafield><datafield ind1=' ' ind2=' ' tag='500'><subfield code='a'>&quot;EPA 230-05-86-010&quot;--Cover.</subfield></datafield><datafield ind1=' ' ind2=' ' tag='504'><subfield code='a'>Bibliography: p. 82-88.</subfield></datafield><datafield ind1=' ' ind2='0' tag='650'><subfield code='a'>Sea level</subfield><subfield code='z'>Delaware River Estuary.</subfield></datafield><datafield ind1=' ' ind2='0' tag='650'><subfield code='a'>Salinity</subfield><subfield code='z'>Delaware River Estuary.</subfield></datafield><datafield ind1=' ' ind2='0' tag='650'><subfield code='a'>Greenhouse effect, Atmospheric</subfield><subfield code='z'>Delaware River Estuary.</subfield></datafield><datafield ind1=' ' ind2='0' tag='651'><subfield code='a'>Delaware River Estuary</subfield><subfield code='x'>Climate.</subfield></datafield><datafield ind1=' ' ind2='0' tag='650'><subfield code='a'>Groundwater</subfield><subfield code='x'>Quality</subfield><subfield code='z'>New Jersey.</subfield></datafield><datafield ind1='1' ind2=' ' tag='700'><subfield code='a'>Hull, C. H. J.</subfield><subfield code='0'>http://id.loc.gov/authorities/names/n85288201</subfield></datafield><datafield ind1='1' ind2=' ' tag='700'><subfield code='a'>Titus, James G.</subfield><subfield code='0'>http://id.loc.gov/authorities/names/n82270139</subfield></datafield><datafield ind1='1' ind2=' ' tag='710'><subfield code='a'>United States.</subfield><subfield code='b'>Environmental Protection Agency.</subfield><subfield code='0'>http://id.loc.gov/authorities/names/n79079597</subfield></datafield><datafield ind1='2' ind2=' ' tag='710'><subfield code='a'>Delaware River Basin Commission.</subfield><subfield code='0'>http://id.loc.gov/authorities/names/n50063104</subfield></datafield><datafield ind1='0' ind2='0' tag='852'><subfield code='h'>GC89 .G75 1986</subfield><subfield code='0'>2548794</subfield><subfield code='b'>scsbcul</subfield></datafield><datafield ind1=' ' ind2=' ' tag='876'><subfield code='0'>2548794</subfield><subfield code='a'>4082013</subfield><subfield code='h'> </subfield><subfield code='j'>Available</subfield><subfield code='p'>CU61171913</subfield><subfield code='t'>1</subfield><subfield code='x'>Shared</subfield><subfield code='z'>CU</subfield><subfield code='l'>RECAP</subfield></datafield></record>