
<record><leader>03249cam a2200577 a 4500</leader><controlfield tag='001'>SCSB-5569812</controlfield><controlfield tag='003'>NNC</controlfield><controlfield tag='005'>20221206053115.0</controlfield><controlfield tag='008'>080319t20082008nyua     b    001 0 eng  </controlfield><controlfield tag='009'>8589757</controlfield><datafield ind1=' ' ind2=' ' tag='010'><subfield code='a'>  2008012727</subfield></datafield><datafield ind1=' ' ind2=' ' tag='015'><subfield code='a'>GBA869033</subfield><subfield code='2'>bnb</subfield></datafield><datafield ind1='7' ind2=' ' tag='016'><subfield code='a'>101469235</subfield><subfield code='2'>DNLM</subfield></datafield><datafield ind1='7' ind2=' ' tag='016'><subfield code='a'>014621828</subfield><subfield code='2'>Uk</subfield></datafield><datafield ind1=' ' ind2=' ' tag='020'><subfield code='a'>9781604565164 (hdbk.)</subfield></datafield><datafield ind1=' ' ind2=' ' tag='020'><subfield code='a'>1604565160 (hdbk.)</subfield></datafield><datafield ind1='8' ind2=' ' tag='024'><subfield code='a'>2796089</subfield></datafield><datafield ind1='1' ind2=' ' tag='029'><subfield code='a'>NLM</subfield><subfield code='b'>101469235</subfield></datafield><datafield ind1='1' ind2=' ' tag='029'><subfield code='a'>AU@</subfield><subfield code='b'>000042915662</subfield></datafield><datafield ind1='1' ind2=' ' tag='029'><subfield code='a'>HEBIS</subfield><subfield code='b'>203432851</subfield></datafield><datafield ind1='1' ind2=' ' tag='029'><subfield code='a'>NZ1</subfield><subfield code='b'>13375692</subfield></datafield><datafield ind1='1' ind2=' ' tag='029'><subfield code='a'>NLGGC</subfield><subfield code='b'>310451469</subfield></datafield><datafield ind1=' ' ind2=' ' tag='035'><subfield code='a'>(OCoLC)ocn214299980</subfield></datafield><datafield ind1=' ' ind2=' ' tag='035'><subfield code='a'>(NNC)8589757</subfield></datafield><datafield ind1=' ' ind2=' ' tag='035'><subfield code='a'>8589757</subfield></datafield><datafield ind1=' ' ind2=' ' tag='040'><subfield code='a'>DNLM/DLC</subfield><subfield code='c'>DLC</subfield><subfield code='d'>NLM</subfield><subfield code='d'>BTCTA</subfield><subfield code='d'>YDXCP</subfield><subfield code='d'>BAKER</subfield><subfield code='d'>UKM</subfield><subfield code='d'>YDX</subfield><subfield code='d'>CDX</subfield><subfield code='d'>DAY</subfield><subfield code='d'>UBY</subfield><subfield code='d'>OCLCQ</subfield><subfield code='d'>YUS</subfield></datafield><datafield ind1=' ' ind2=' ' tag='042'><subfield code='a'>pcc</subfield></datafield><datafield ind1='0' ind2='0' tag='050'><subfield code='a'>QH461</subfield><subfield code='b'>.W8 2008</subfield></datafield><datafield ind1='0' ind2='0' tag='060'><subfield code='a'>2008 L-905</subfield></datafield><datafield ind1='1' ind2='0' tag='060'><subfield code='a'>QU 60</subfield><subfield code='b'>W965L 2008</subfield></datafield><datafield ind1='0' ind2='0' tag='082'><subfield code='a'>576.5/49</subfield><subfield code='2'>22</subfield></datafield><datafield ind1='1' ind2=' ' tag='100'><subfield code='a'>Wu, Guang,</subfield><subfield code='d'>1962-</subfield><subfield code='0'>http://id.loc.gov/authorities/names/n2008181330</subfield></datafield><datafield ind1='1' ind2='0' tag='245'><subfield code='a'>Lecture notes on computational mutation /</subfield><subfield code='c'>Guang Wu and Shaomin Yan, authors.</subfield></datafield><datafield ind1=' ' ind2=' ' tag='260'><subfield code='a'>New York :</subfield><subfield code='b'>Nova Science Publishers,</subfield><subfield code='c'>[2008], ©2008.</subfield></datafield><datafield ind1=' ' ind2=' ' tag='300'><subfield code='a'>ix, 230 pages :</subfield><subfield code='b'>illustrations ;</subfield><subfield code='c'>26 cm</subfield></datafield><datafield ind1=' ' ind2=' ' tag='336'><subfield code='a'>text</subfield><subfield code='b'>txt</subfield><subfield code='2'>rdacontent</subfield></datafield><datafield ind1=' ' ind2=' ' tag='337'><subfield code='a'>unmediated</subfield><subfield code='b'>n</subfield><subfield code='2'>rdamedia</subfield></datafield><datafield ind1=' ' ind2=' ' tag='504'><subfield code='a'>Includes bibliographical references (p. [212]-221) and index.</subfield></datafield><datafield ind1='0' ind2=' ' tag='505'><subfield code='a'>Measuring living protein chapter -- Amino-acid pair predictability -- Behavior of amino-acid pair predictability -- Application of amino-acid pair predictability -- Behavior of amino-acid distribution probability -- Application of amino-acid distribution probability -- Future amino-acid composition -- Behavior of future amino-acid composition and its application -- Prediction of mutation position using logistic regression -- Prediction of mutation position using neural network -- Future development.</subfield></datafield><datafield ind1=' ' ind2=' ' tag='520'><subfield code='a'>&quot;This book introduces the computational mutation to the scientific community, because there is no similar book. Therefore, the authors use plain language to explain the rationales and methods of computational mutation, including examples, tables, and figures. Currently, the human&apos;s ability in collection of data far more outpaces the human&apos;s ability to deal with data successfully. Therefore, future efforts in the scientific community will be more focused on manipulation and elaboration of obtained data.&quot;--Publisher&apos;s description.</subfield></datafield><datafield ind1=' ' ind2='0' tag='650'><subfield code='a'>Mutation (Biology)</subfield><subfield code='x'>Mathematical models.</subfield></datafield><datafield ind1=' ' ind2='0' tag='650'><subfield code='a'>Nucleotide sequence.</subfield><subfield code='0'>http://id.loc.gov/authorities/subjects/sh85093159</subfield></datafield><datafield ind1=' ' ind2='0' tag='650'><subfield code='a'>Amino acid sequence.</subfield><subfield code='0'>http://id.loc.gov/authorities/subjects/sh85004484</subfield></datafield><datafield ind1='1' ind2='2' tag='650'><subfield code='a'>Amino Acids</subfield><subfield code='x'>genetics.</subfield><subfield code='0'>https://id.nlm.nih.gov/mesh/D000596Q000235</subfield></datafield><datafield ind1='2' ind2='2' tag='650'><subfield code='a'>Computational Biology</subfield><subfield code='x'>methods.</subfield><subfield code='0'>https://id.nlm.nih.gov/mesh/D019295Q000379</subfield></datafield><datafield ind1='2' ind2='2' tag='650'><subfield code='a'>DNA Mutational Analysis.</subfield><subfield code='0'>https://id.nlm.nih.gov/mesh/D004252</subfield></datafield><datafield ind1='2' ind2='2' tag='650'><subfield code='a'>Mutation.</subfield><subfield code='0'>https://id.nlm.nih.gov/mesh/D009154</subfield></datafield><datafield ind1='2' ind2='2' tag='650'><subfield code='a'>Sequence Analysis, Protein.</subfield><subfield code='0'>https://id.nlm.nih.gov/mesh/D020539</subfield></datafield><datafield ind1='1' ind2=' ' tag='700'><subfield code='a'>Yan, Shaomin.</subfield><subfield code='0'>http://id.loc.gov/authorities/names/n2008181282</subfield></datafield><datafield ind1='0' ind2='0' tag='852'><subfield code='h'>QH461 .W8 2008</subfield><subfield code='0'>5564147</subfield><subfield code='b'>scsbcul</subfield></datafield><datafield ind1=' ' ind2=' ' tag='876'><subfield code='0'>5564147</subfield><subfield code='a'>8234121</subfield><subfield code='h'> </subfield><subfield code='j'>Available</subfield><subfield code='p'>CU72245417</subfield><subfield code='t'>1</subfield><subfield code='x'>Shared</subfield><subfield code='z'>CU</subfield><subfield code='l'>RECAP</subfield></datafield></record>