
<record><leader>01233nam a22002898a 4500</leader><controlfield tag='001'>SCSB-13499434</controlfield><controlfield tag='005'>20020606104010.5</controlfield><controlfield tag='008'>001026s2001    laua          000 0aeng  </controlfield><controlfield tag='009'>990086336280203941</controlfield><datafield ind1=' ' ind2=' ' tag='010'><subfield code='a'>^^^00012117^</subfield></datafield><datafield ind1=' ' ind2=' ' tag='020'><subfield code='a'>0807126853 (cloth : alk. paper)</subfield></datafield><datafield ind1=' ' ind2=' ' tag='035'><subfield code='a'>(OCoLC)45263854</subfield><subfield code='z'>(OCoLC)1022685596</subfield></datafield><datafield ind1=' ' ind2=' ' tag='040'><subfield code='a'>DLC</subfield><subfield code='c'>DLC</subfield></datafield><datafield ind1=' ' ind2=' ' tag='042'><subfield code='a'>pcc</subfield></datafield><datafield ind1=' ' ind2=' ' tag='043'><subfield code='a'>n-us---</subfield></datafield><datafield ind1='0' ind2='0' tag='050'><subfield code='a'>HQ1229.G55</subfield><subfield code='b'>G56 2001</subfield></datafield><datafield ind1='0' ind2='0' tag='082'><subfield code='a'>305.242/092</subfield><subfield code='a'>B</subfield><subfield code='2'>21</subfield></datafield><datafield ind1='1' ind2=' ' tag='100'><subfield code='a'>Gingher, Marianne</subfield></datafield><datafield ind1='1' ind2='2' tag='245'><subfield code='a'>A girl&apos;s life :</subfield><subfield code='b'>horses, boys, weddings, and luck /</subfield><subfield code='c'>Marianne Gingher.</subfield></datafield><datafield ind1=' ' ind2=' ' tag='260'><subfield code='a'>Baton Rouge, La :</subfield><subfield code='b'>Louisiana State University Press,</subfield><subfield code='c'>c2001.</subfield></datafield><datafield ind1=' ' ind2=' ' tag='300'><subfield code='a'>x, 224 p. :</subfield><subfield code='b'>ill. ;</subfield><subfield code='c'>23 cm.</subfield></datafield><datafield ind1='0' ind2=' ' tag='505'><subfield code='a'>Sanctuary -- A hard place to get to -- Help -- The yellow rose -- Melissa&apos;s shot -- Escape artists -- Truths and grit -- I was impeached -- White girl&apos;s burden -- Kinds of trouble -- My first marriage -- Horses and boys -- The rodeo parade -- Becky&apos;s accident -- Metaphors and pies -- The heartfelt home -- Why I did not go to Syracuse -- At home in snow -- Medium cool -- Wedding music.</subfield></datafield><datafield ind1='1' ind2=' ' tag='520'><subfield code='a'>&quot;A meditation on the comforts of homeplace and family, A Girl&apos;s Life celebrates the last era in America, the 1950s and 1960s, when it was still possible to enjoy a cynicism-free girlhood - when &quot;it was still safe for children to take gifts from strangers and not yet unwise for them to leave the doors of their hearts unlocked.&quot; As Eudora Welty wrote in her autobiographical memoir One Writer&apos;s Beginnings, &quot;A sheltered life can be a daring life as well. For all serious daring starts from within.&quot; The seventeen personal narratives collected here corroborate Welty&apos;s conviction.&quot; &quot;Arranged in a loose chronology, the tales document a southern white girl&apos;s middle-class initiation into the adult world. The first section, &quot;Sanctuary,&quot; recalls Gingher&apos;s earliest impressions of family dynamics and shelter, a child&apos;s yearnings and resourcefulness. &quot;Truths and Grit,&quot; the second section, deals with the tempering of bliss, a young girl&apos;s first encounters with corruption and mortality. In the final group of essays, &quot;Metaphors and Ties,&quot; Gingher explores the contributions her recollections of childhood make in her ongoing trials as a parent and a writer. That her own childhood still permeates and inspires her present life is perhaps its greatest legacy.&quot;--Jacket.</subfield></datafield><datafield ind1='1' ind2='0' tag='600'><subfield code='a'>Gingher, Marianne</subfield></datafield><datafield ind1=' ' ind2='0' tag='650'><subfield code='a'>Young women</subfield><subfield code='z'>United States</subfield><subfield code='v'>Biography.</subfield></datafield><datafield ind1=' ' ind2='0' tag='650'><subfield code='a'>Middle class</subfield><subfield code='z'>United States.</subfield></datafield><datafield ind1=' ' ind2='7' tag='655'><subfield code='a'>Biographies</subfield><subfield code='2'>fast</subfield></datafield><datafield ind1='1' ind2=' ' tag='583'><subfield code='a'>committed to retain</subfield><subfield code='c'>20181001</subfield><subfield code='d'>in perpetuity</subfield><subfield code='f'>ReCAP Shared Collection</subfield><subfield code='5'>HUL</subfield><subfield code='8'>222061333390003941</subfield></datafield><datafield ind1='0' ind2=' ' tag='852'><subfield code='c'>RD</subfield><subfield code='h'>HQ1229.G55</subfield><subfield code='i'>G56 2001</subfield><subfield code='0'>14376563</subfield><subfield code='b'>scsbhl</subfield></datafield><datafield ind1=' ' ind2=' ' tag='876'><subfield code='0'>14376563</subfield><subfield code='a'>20702379</subfield><subfield code='h'> </subfield><subfield code='j'>Available</subfield><subfield code='k'>WID</subfield><subfield code='p'>32044112525886</subfield><subfield code='x'>Shared</subfield><subfield code='z'>HV</subfield><subfield code='l'>RECAP</subfield></datafield></record>