
<record><leader>03625nam a22004098a 4500</leader><controlfield tag='001'>SCSB-3204080</controlfield><controlfield tag='003'>NNC</controlfield><controlfield tag='005'>20220608192430.0</controlfield><controlfield tag='008'>940802t19951995nyuaf         000 0aeng  </controlfield><controlfield tag='009'>1576384</controlfield><datafield ind1=' ' ind2=' ' tag='010'><subfield code='a'>   94029894 </subfield></datafield><datafield ind1=' ' ind2=' ' tag='020'><subfield code='a'>0525938508</subfield></datafield><datafield ind1=' ' ind2=' ' tag='035'><subfield code='a'>(OCoLC)31607032</subfield></datafield><datafield ind1=' ' ind2=' ' tag='035'><subfield code='a'>(OCoLC)ocm31607032</subfield></datafield><datafield ind1=' ' ind2=' ' tag='035'><subfield code='9'>AKG7097CU</subfield></datafield><datafield ind1=' ' ind2=' ' tag='035'><subfield code='a'>(NNC)1576384</subfield></datafield><datafield ind1=' ' ind2=' ' tag='035'><subfield code='a'>1576384</subfield></datafield><datafield ind1=' ' ind2=' ' tag='040'><subfield code='a'>DLC</subfield><subfield code='c'>DLC</subfield><subfield code='d'>NNC$dOrLoB</subfield><subfield code='d'>OrLoB</subfield></datafield><datafield ind1=' ' ind2=' ' tag='043'><subfield code='a'>n-us-ia</subfield><subfield code='a'>n-us---</subfield></datafield><datafield ind1='0' ind2='0' tag='050'><subfield code='a'>KF373.W474</subfield><subfield code='b'>A3 1995</subfield></datafield><datafield ind1='0' ind2='0' tag='082'><subfield code='a'>305.896/073/092</subfield><subfield code='a'>B</subfield><subfield code='2'>20</subfield></datafield><datafield ind1='1' ind2=' ' tag='100'><subfield code='a'>Williams, Gregory Howard.</subfield><subfield code='0'>http://id.loc.gov/authorities/names/n83174555</subfield></datafield><datafield ind1='1' ind2='0' tag='245'><subfield code='a'>Life on the color line :</subfield><subfield code='b'>the true story of a white boy who discovered he was black /</subfield><subfield code='c'>Gregory Howard Williams.</subfield></datafield><datafield ind1=' ' ind2=' ' tag='260'><subfield code='a'>New York :</subfield><subfield code='b'>Dutton,</subfield><subfield code='c'>[1995], ©1995.</subfield></datafield><datafield ind1=' ' ind2=' ' tag='263'><subfield code='a'>9502</subfield></datafield><datafield ind1=' ' ind2=' ' tag='300'><subfield code='a'>x, 285 pages, 8 unnumbered pages of plates :</subfield><subfield code='b'>illustrations ;</subfield><subfield code='c'>24 cm</subfield></datafield><datafield ind1=' ' ind2=' ' tag='336'><subfield code='a'>text</subfield><subfield code='b'>txt</subfield><subfield code='2'>rdacontent</subfield></datafield><datafield ind1=' ' ind2=' ' tag='337'><subfield code='a'>unmediated</subfield><subfield code='b'>n</subfield><subfield code='2'>rdamedia</subfield></datafield><datafield ind1=' ' ind2=' ' tag='520'><subfield code='a'>Gregory Howard Williams and his younger brother, Mike, grew up believing they were white and that their darkskinned father was of Italian descent. Then their parents&apos; marriage disintegrated, their mother departed, and their father&apos;s business ventures sank into a sea of liquor. Pursued by debt and personal demons, &quot;Tony&quot; Williams took his two boys to his hometown of Muncie, Indiana, where he was known as &quot;Buster,&quot; and where there was no escape from the truth he had hidden for so long.</subfield></datafield><datafield ind1='8' ind2=' ' tag='520'><subfield code='a'>The truth was as plain as the color of Buster&apos;s family. Gregory and Mike Williams were the sons of a brilliant and charming but troubled black man who fled the burden of race until need drove him back to his roots. Suddenly Gregory and Mike discovered they were black as well, strangers in a segregated world about which they knew nothing, forced to learn the strategies of survival amid the poverty, prejudice, and agonizing absurdities of a time and place where racism flourished.</subfield></datafield><datafield ind1='8' ind2=' ' tag='520'><subfield code='a'>In this extraordinary and powerful memoir, Gregory Howard Williams recounts his remarkable journey along the color line and illuminates the contrasts between the black and white worlds: one of privilege, opportunity, and comfort, the other of deprivation, repression, and struggle. He tells the story of his father, a self-destructive man who often neglected his children, yet had faith in his eldest son&apos;s ability to succeed in the face of nearly insurmountable obstacles.</subfield></datafield><datafield ind1='8' ind2=' ' tag='520'><subfield code='a'>Of &quot;Miss Dora,&quot; a loving family friend who gave Gregory and his brother the food they ate, the clothes on their backs, and the roof over their heads - all on a salary of just twenty-five dollars per week. Of the hostility and prejudice he encountered all too often, from both blacks and whites, and the surprising moments of encouragement and acceptance he found from each.</subfield></datafield><datafield ind1='8' ind2=' ' tag='520'><subfield code='a'>Williams tells the story, too, of the divergent paths he and his brother eventually took, one defying the odds and the advice of teachers and counselors to become a lawyer, the other succumbing to the lure of fun, flash, and the quick buck. Life on the Color Line is a uniquely important book. It is a compelling drama of a man straddling two worlds and two heritages, and a wonderfully inspiring testament of purpose, perseverance, and human triumph.</subfield></datafield><datafield ind1='1' ind2='0' tag='600'><subfield code='a'>Williams, Gregory Howard</subfield><subfield code='x'>Childhood and youth.</subfield></datafield><datafield ind1=' ' ind2='0' tag='650'><subfield code='a'>African American lawyers</subfield><subfield code='v'>Biography.</subfield><subfield code='0'>http://id.loc.gov/authorities/subjects/sh2009113948</subfield></datafield><datafield ind1=' ' ind2='0' tag='650'><subfield code='a'>African Americans</subfield><subfield code='z'>Indiana</subfield><subfield code='z'>Muncie</subfield><subfield code='x'>Social conditions.</subfield></datafield><datafield ind1=' ' ind2='0' tag='651'><subfield code='a'>Muncie (Ind.)</subfield><subfield code='x'>Social conditions.</subfield></datafield><datafield ind1='0' ind2='0' tag='852'><subfield code='h'>KF373.W474 A3 1995</subfield><subfield code='0'>3188656</subfield><subfield code='b'>scsbcul</subfield></datafield><datafield ind1=' ' ind2=' ' tag='876'><subfield code='0'>3188656</subfield><subfield code='a'>4879576</subfield><subfield code='h'> </subfield><subfield code='j'>Available</subfield><subfield code='p'>CU11781840</subfield><subfield code='t'>1</subfield><subfield code='x'>Shared</subfield><subfield code='z'>CU</subfield><subfield code='l'>RECAP</subfield></datafield><datafield ind1='0' ind2='0' tag='852'><subfield code='h'>KF373.W474 A3 1995</subfield><subfield code='0'>3188657</subfield><subfield code='b'>scsbcul</subfield></datafield><datafield ind1=' ' ind2=' ' tag='876'><subfield code='0'>3188657</subfield><subfield code='a'>4879577</subfield><subfield code='h'> </subfield><subfield code='j'>Available</subfield><subfield code='p'>CU11777648</subfield><subfield code='t'>1</subfield><subfield code='x'>Shared</subfield><subfield code='z'>CU</subfield><subfield code='l'>RECAP</subfield></datafield></record>