
<record><leader>00974cam a22002898a 4500</leader><controlfield tag='001'>SCSB-10532650</controlfield><controlfield tag='005'>20020606104010.5</controlfield><controlfield tag='008'>000623s2000    ie       b    001 0 eng  </controlfield><controlfield tag='009'>990079974170203941</controlfield><datafield ind1=' ' ind2=' ' tag='010'><subfield code='a'>^^^00056959^</subfield></datafield><datafield ind1=' ' ind2=' ' tag='020'><subfield code='a'>1859182585 (alk. paper)</subfield></datafield><datafield ind1=' ' ind2=' ' tag='020'><subfield code='a'>1859182089 (pbk. : alk. paper)</subfield></datafield><datafield ind1=' ' ind2=' ' tag='035'><subfield code='a'>(OCoLC)44493412</subfield><subfield code='z'>(OCoLC)963625850</subfield><subfield code='z'>(OCoLC)975295531</subfield><subfield code='z'>(OCoLC)1049742390</subfield><subfield code='z'>(OCoLC)1150824667</subfield><subfield code='z'>(OCoLC)1225788421</subfield></datafield><datafield ind1=' ' ind2=' ' tag='040'><subfield code='a'>DLC</subfield><subfield code='c'>DLC</subfield></datafield><datafield ind1='0' ind2=' ' tag='041'><subfield code='a'>eng</subfield><subfield code='h'>eng</subfield></datafield><datafield ind1='1' ind2=' ' tag='041'><subfield code='a'>eng</subfield><subfield code='h'>gle</subfield></datafield><datafield ind1=' ' ind2=' ' tag='043'><subfield code='a'>e-ie---</subfield><subfield code='a'>e-uk-en</subfield></datafield><datafield ind1='0' ind2='0' tag='050'><subfield code='a'>PR8844</subfield><subfield code='b'>.I76 2000</subfield></datafield><datafield ind1='0' ind2='0' tag='082'><subfield code='a'>820.8/09417/0904</subfield><subfield code='2'>21</subfield></datafield><datafield ind1='0' ind2='0' tag='245'><subfield code='a'>Irish writing in the twentieth century :</subfield><subfield code='b'>a reader /</subfield><subfield code='c'>edited by David Pierce.</subfield></datafield><datafield ind1=' ' ind2=' ' tag='260'><subfield code='a'>Cork, Ireland :</subfield><subfield code='b'>Cork University Press,</subfield><subfield code='c'>2000.</subfield></datafield><datafield ind1=' ' ind2=' ' tag='300'><subfield code='a'>xliv, 1351 p. ;</subfield><subfield code='c'>24 cm.</subfield></datafield><datafield ind1=' ' ind2=' ' tag='504'><subfield code='a'>Includes bibliographical references (p. [1329]-1340) and index.</subfield></datafield><datafield ind1='0' ind2='0' tag='505'><subfield code='g'>1890s : shadows, moods and arguments.</subfield><subfield code='t'>from The revival of Irish literature.</subfield><subfield code='t'>&quot;The necessity of de-Anglicizing Ireland&quot; /</subfield><subfield code='r'>Douglas Hyde --</subfield><subfield code='t'>from Abhráin grádh chúige Connacht = Love songs of Connacht.</subfield><subfield code='t'>&quot;Dá d&apos;téinnse siar&quot; = &quot;If I were to go west&quot; /</subfield><subfield code='r'>Douglas Hyde [translator] --</subfield><subfield code='t'>from The united Irishman.</subfield><subfield code='t'>&quot;Parnell&quot; /</subfield><subfield code='r'>Lionel Johnson --</subfield><subfield code='t'>from The Irish monthly.</subfield><subfield code='t'>&quot;The associations of scenery&quot; /</subfield><subfield code='r'>R.P. Carton --</subfield><subfield code='t'>from From the land of St. Lawrence.</subfield><subfield code='t'>&quot;The orange lilies&quot; /</subfield><subfield code='r'>Maurice F. Egan --</subfield><subfield code='t'>from Some experiences of an Irish R.M.</subfield><subfield code='t'>&quot;Lisheen races, second hand&quot; /</subfield><subfield code='r'>E. Œ. Somerville, Martin Ross --</subfield><subfield code='t'>from Ideals in Ireland.</subfield><subfield code='t'>&quot;The battle of two civilizations&quot; /</subfield><subfield code='r'>David Patrick Moran --</subfield><subfield code='t'>from Ideals in Ireland.</subfield><subfield code='t'>&quot;The literary movement in Ireland&quot; /</subfield><subfield code='r'>W.B. Yeats --</subfield><subfield code='t'>from Imagination and reveries.</subfield><subfield code='t'>&quot;Nationality or cosmopolitanism&quot; /</subfield><subfield code='r'>George Russell --</subfield><subfield code='t'>from Workers&apos; republic.</subfield><subfield code='t'>&quot;Physical force in Irish politics&quot; /</subfield><subfield code='r'>James Connolly --</subfield><subfield code='t'>from Irish Literary Society gazette.</subfield><subfield code='t'>Lecture by Mr. W.B. Yeats /</subfield><subfield code='r'>Anonymous --</subfield><subfield code='t'>from The ballad of Reading gaol /</subfield><subfield code='r'>Oscar Wilde.</subfield></datafield><datafield ind1='0' ind2='0' tag='505'><subfield code='g'>Irish writing in the 1900s : critical and documentary.</subfield><subfield code='t'>from All Ireland review.</subfield><subfield code='t'>&quot;The great enchantment&quot; /</subfield><subfield code='r'>Standish James O&apos;Grady --</subfield><subfield code='t'>from Ideas of good and evil.</subfield><subfield code='t'>&quot;The symbolism of poetry&quot; /</subfield><subfield code='r'>W.B. Yeats --</subfield><subfield code='t'>from Mr. Dooley in the hearts of his countrymen.</subfield><subfield code='t'>&quot;The Irishman abroad&quot; ;</subfield><subfield code='t'>&quot;The decline of national feeling&quot; /</subfield><subfield code='r'>F.P. Dunne --</subfield><subfield code='t'>from Ideas of good and evil.</subfield><subfield code='t'>&quot;Magic&quot; /</subfield><subfield code='r'>W.B. Yeats --</subfield><subfield code='t'>from The Irish language movement.</subfield><subfield code='t'>&quot;The Irish language movement&quot; /</subfield><subfield code='r'>Francis Fahy --</subfield><subfield code='t'>from The resurrection of Hungary.</subfield><subfield code='t'>&quot;The resurrection of Hungary&quot; /</subfield><subfield code='r'>Arthur Griffith --</subfield><subfield code='t'>from The Manchester guardian.</subfield><subfield code='t'>&quot;From Galway to Gorumna&quot; /</subfield><subfield code='r'>J.M. Synge --</subfield><subfield code='t'>from Bards and saints.</subfield><subfield code='t'>&quot;The de-Davisization of Irish literature&quot; /</subfield><subfield code='r'>John Eglinton --</subfield><subfield code='t'>from Criticism and courage and other essays.</subfield><subfield code='t'>&quot;Criticism and courage&quot; /</subfield><subfield code='r'>Frederick Ryan --</subfield><subfield code='t'>from The fortnightly review.</subfield><subfield code='t'>&quot;The literary movement in Ireland&quot; /</subfield><subfield code='r'>George A. Birmingham --</subfield><subfield code='t'>from Sin, society and behaviour.</subfield><subfield code='t'>&quot;Christ before the people&quot; /</subfield><subfield code='r'>Bernard Vaughan.</subfield></datafield><datafield ind1='0' ind2='0' tag='505'><subfield code='g'>Irish writing in the 1900s : imaginative.</subfield><subfield code='t'>from The green flag.</subfield><subfield code='t'>&quot;The green flag&quot; /</subfield><subfield code='r'>Arthur Conan Doyle --</subfield><subfield code='t'>from All Ireland review.</subfield><subfield code='t'>&quot;A farewell to the hills&quot; /</subfield><subfield code='r'>George Russell --</subfield><subfield code='t'>from Songs of the glens of Antrim.</subfield><subfield code='t'>&quot;Corrymeela&quot; /</subfield><subfield code='r'>Moira O&apos;Neill --</subfield><subfield code='t'>from Cuchulain of Muirthemne.</subfield><subfield code='t'>&quot;The only son of Aoife&quot; /</subfield><subfield code='r'>Lady Gregory --</subfield><subfield code='t'>Cathleen ni Houlihan /</subfield><subfield code='r'>W.B. Yeats --</subfield><subfield code='t'>from The untilled field.</subfield><subfield code='t'>&quot;Home sickness&quot; /</subfield><subfield code='r'>George Moore --</subfield><subfield code='t'>from Such is life : being certain extracts from the diary of Tom Collins /</subfield><subfield code='r'>Joseph Furphy --</subfield><subfield code='t'>from New songs.</subfield><subfield code='t'>&quot;A portrait&quot; /</subfield><subfield code='r'>Padraic Colum --</subfield><subfield code='t'>from The one and the many.</subfield><subfield code='t'>&quot;The little waves of Breffny&quot; /</subfield><subfield code='r'>Eva Gore-Booth --</subfield><subfield code='t'>from Seven short plays.</subfield><subfield code='t'>Spreading the news /</subfield><subfield code='r'>Lady Gregory --</subfield><subfield code='t'>John Bull&apos;s other island /</subfield><subfield code='r'>G.B. Shaw --</subfield><subfield code='t'>from The Egyptian pillar.</subfield><subfield code='t'>&quot;Women&apos;s rights&quot; /</subfield><subfield code='r'>Eva Gore-Booth --</subfield><subfield code='t'>The playboy of the Western world /</subfield><subfield code='r'>J.M. Synge --</subfield><subfield code='t'>from The gilly of Christ.</subfield><subfield code='t'>&quot;I am the gilly of Christ&quot; /</subfield><subfield code='r'>Joseph Campbell --</subfield><subfield code='t'>from Ballygullion.</subfield><subfield code='t'>&quot;The wooden leg&quot; /</subfield><subfield code='r'>Lynn Doyle --</subfield><subfield code='t'>from Verses : sacred and profane.</subfield><subfield code='t'>&quot;A piper&quot; ;</subfield><subfield code='t'>&quot;Glasnevin, October 9th, 1904&quot; /</subfield><subfield code='r'>Seumas O&apos;Sullivan --</subfield><subfield code='t'>from Insurrections.</subfield><subfield code='t'>&quot;The shell&quot; /</subfield><subfield code='r'>James Stephens --</subfield><subfield code='t'>from The mountainy si`nger.</subfield><subfield code='t'>&quot;I am the mountainy singer&quot; ;</subfield><subfield code='t'>&quot;Night, and I travelling&quot; /</subfield><subfield code='r'>Joseph Campbell.</subfield></datafield><datafield ind1='0' ind2='0' tag='505'><subfield code='g'>Irish writing in the 1910s : critical and documentary.</subfield><subfield code='t'>from Journal of the Ivernian Society.</subfield><subfield code='t'>&quot;The world-wide empire of the Irish race&quot; /</subfield><subfield code='r'>Reverend P.S. Dinneen --</subfield><subfield code='t'>from English as we speak it in Ireland.</subfield><subfield code='t'>&quot;Affirming, assenting, and saluting&quot; /</subfield><subfield code='r'>Patrick Weston Joyce --</subfield><subfield code='t'>from The mearing stones.</subfield><subfield code='t'>&quot;A ballad singer&quot; ;</subfield><subfield code='t'>&quot; The human voice&quot; /</subfield><subfield code='r'>Joseph Campbell --</subfield><subfield code='t'>from The Irish book lover.</subfield><subfield code='t'>&quot;Yeats, Synge and &apos;The playboy&apos;&quot; /</subfield><subfield code='r'>J.M. Hone --</subfield><subfield code='t'>from Autobiography and life of George Tyrrell, v. 1.</subfield><subfield code='t'>&quot;1876&quot; /</subfield><subfield code='r'>George Tyrrell --</subfield><subfield code='t'>from The Freeman&apos;s Journal.</subfield><subfield code='t'>&quot;Irish book lovers&quot; /</subfield><subfield code='r'>Stephen Gwynn --</subfield><subfield code='t'>from The Irish book lover.</subfield><subfield code='t'>&quot;Irish Literary Society : coming of age celebrations&quot; /</subfield><subfield code='r'>Anonymous --</subfield><subfield code='t'>from Hail and farewell : vale /</subfield><subfield code='r'>George Moore --</subfield><subfield code='t'>from Mo sgéal féin = My story.</subfield><subfield code='t'>&quot;The hunger&quot; /</subfield><subfield code='r'>Peter O&apos;Leary --</subfield><subfield code='t'>from Charles Stewart Parnell : a memoir.</subfield><subfield code='t'>My brother&apos;s personality&quot; /</subfield><subfield code='r'>John Howard Parnell --</subfield><subfield code='t'>from Literature in Ireland.</subfield><subfield code='t'>&quot;The Irish mode&quot; /</subfield><subfield code='r'>Thomas MacDonagh --</subfield><subfield code='t'>from The insurrection in Dublin.</subfield><subfield code='t'>&quot;Wednesday&quot; /</subfield><subfield code='r'>James Stephens --</subfield><subfield code='t'>from The daily news.</subfield><subfield code='t'>&quot;The Easter week executions&quot; /</subfield><subfield code='r'>George Bernard Shaw --</subfield><subfield code='t'>from Letters of James Stephens /</subfield><subfield code='r'>James Stephens --</subfield><subfield code='t'>from The Irish book lover.</subfield><subfield code='t'>&quot;Reveries&quot; and &quot;Responsibilities&quot; /</subfield><subfield code='r'>Anonymous --</subfield><subfield code='t'>from A chronicle of jails /</subfield><subfield code='r'>Darrell Figgis --</subfield><subfield code='t'>from Imagination and reveries.</subfield><subfield code='t'>&quot;The new nation&quot; /</subfield><subfield code='r'>George Russell.</subfield></datafield><datafield ind1='0' ind2='0' tag='505'><subfield code='g'>Irish writing in the 1910s : imaginative.</subfield><subfield code='t'>from Deoraíocht /</subfield><subfield code='r'>Pádraic Ó Conaire --</subfield><subfield code='t'>from Poems and translations.</subfield><subfield code='t'>&quot;In Kerry&quot; ;</subfield><subfield code='t'>&quot;A question&quot; ;</subfield><subfield code='t'>&quot;Prelude&quot; ;</subfield><subfield code='t'>&quot;In May&quot; ;</subfield><subfield code='t'>The curse&quot; /</subfield><subfield code='r'>J.M. Synge --</subfield><subfield code='t'>from Irishry.</subfield><subfield code='t'>&quot;The weaver&apos;s family&quot; /</subfield><subfield code='r'>Joseph Campbell --</subfield><subfield code='t'>from Four Irish plays.</subfield><subfield code='t'>&quot;Mixed marriage&quot; /</subfield><subfield code='r'>St. John Ervine --</subfield><subfield code='t'>from Lyrical poems.</subfield><subfield code='t'>&quot;June&quot; /</subfield><subfield code='r'>Francis Ledwidge --</subfield><subfield code='t'>from Lyrical poems.</subfield><subfield code='t'>&quot;June&quot; /</subfield><subfield code='r'>Francis Ledwidge --</subfield><subfield code='t'>from Lyrical pieces.</subfield><subfield code='t'>&quot;The yellow bittern&quot; /</subfield><subfield code='r'>Thomas MacDonagh --</subfield><subfield code='t'>from Responsibilities.</subfield><subfield code='t'>&quot;September 1913&quot; ;</subfield><subfield code='t'>&quot;Fallen majesty&quot; ;</subfield><subfield code='t'>&quot;The cold heaven &quot; /</subfield><subfield code='r'>W.B. Yeats --</subfield><subfield code='t'>from Suantraide agus goltraide.</subfield><subfield code='t'>&quot;I am Ireland&quot; /</subfield><subfield code='r'>Patrick Pearse --</subfield><subfield code='t'>from Children of the dead end.</subfield><subfield code='t'>&quot;De profundis&quot; /</subfield><subfield code='r'>Patrick MacGill --</subfield><subfield code='t'>from The poetry review.</subfield><subfield code='t'>&quot;The assignation&quot; /</subfield><subfield code='r'>Lord Dunsany --</subfield><subfield code='t'>from Songs of the dead end.</subfield><subfield code='t'>&quot;Padding it&quot; /</subfield><subfield code='r'>Patrick MacGill --</subfield><subfield code='t'>from Collected works of Pádraic H. Pearse.</subfield><subfield code='t'>&quot;The wayfarer&quot; /</subfield><subfield code='r'>Patrick Pearse --</subfield><subfield code='t'>from Michael Robartes and the dancer.</subfield><subfield code='t'>&quot;Easter 1916&quot; /</subfield><subfield code='r'>W.B. Yeats --</subfield><subfield code='t'>from Songs of peace.</subfield><subfield code='t'>&quot;Thomas MacDonagh&quot; /</subfield><subfield code='r'>Francis Ledwidge --</subfield><subfield code='t'>from Earth of Cualann.</subfield><subfield code='t'>&quot;Earth of Cualann&quot; ;</subfield><subfield code='t'>&quot;The revealer&quot; /</subfield><subfield code='r'>Joseph Campbell --</subfield><subfield code='t'>from Reincarnations.</subfield><subfield code='t'>&quot;Righteous anger&quot; ;</subfield><subfield code='t'>&quot;O Bruadair&quot; /</subfield><subfield code='r'>James Stephens --</subfield><subfield code='t'>from The wild swans at Coole.</subfield><subfield code='t'>&quot;The wild swans at Coole&quot; ;</subfield><subfield code='t'>&quot;In memory of Major Robert Gregory&quot; ;</subfield><subfield code='t'>&quot;An Irish airman foresees his death&quot; /</subfield><subfield code='r'>W.B. Yeats --</subfield><subfield code='t'>from Michael Robartes and the dancer.</subfield><subfield code='t'>&quot;The second coming&quot; /</subfield><subfield code='r'>W.B. Yeats --</subfield><subfield code='t'>from The wasted island.</subfield><subfield code='t'>&quot;Catastrophe&quot; /</subfield><subfield code='r'>Eimar O&apos;Duffy.</subfield></datafield><datafield ind1='0' ind2='0' tag='505'><subfield code='g'>Irish writing in the 1920s : critical and documentary.</subfield><subfield code='t'>from Prison letters of Countess Markievicz /</subfield><subfield code='r'>Constance Markievicz --</subfield><subfield code='t'>from The path to freedom.</subfield><subfield code='t'>&quot;Distinctive culture&quot; /</subfield><subfield code='r'>Michael Collins --</subfield><subfield code='t'>from Studies.</subfield><subfield code='t'>&quot;Lessons of revolution&quot; /</subfield><subfield code='r'>George Russell --</subfield><subfield code='t'>from The hidden Ireland.</subfield><subfield code='t'>&quot;The aisling&quot; /</subfield><subfield code='r'>Daniel Corkery --</subfield><subfield code='t'>from Tomorrow.</subfield><subfield code='t'>&quot;To all artists and writers&quot; /</subfield><subfield code='r'>Francis Stuart, Cecil Salkeld --</subfield><subfield code='t'>from The senate speeches of W.B. Yeats.</subfield><subfield code='t'>&quot;Speech on divorce&quot; /</subfield><subfield code='r'>W.B. Yeats --</subfield><subfield code='t'>from The Dublin review.</subfield><subfield code='t'>&quot;The coming of age of the Irish drama&quot; /</subfield><subfield code='r'>Andrew E. Malone --</subfield><subfield code='t'>from Days of fear /</subfield><subfield code='r'>Frank Gallagher --</subfield><subfield code='t'>from Ireland : the rock whence I was hewn /</subfield><subfield code='r'>Donn Byrne --</subfield><subfield code='t'>from An tOileánach.</subfield><subfield code='t'>&quot;Shrovetide, 1878&quot; /</subfield><subfield code='r'>Tomás Ó Criomhthain.</subfield></datafield><datafield ind1='0' ind2='0' tag='505'><subfield code='g'>Irish writing in the 1920s : imaginative.</subfield><subfield code='t'>from The Irish Book Lover.</subfield><subfield code='t'>&quot;The Great Blasket : poets&quot; /</subfield><subfield code='r'>Robin Flower --</subfield><subfield code='t'>from Adam of Dublin : a romance of today.</subfield><subfield code='t'>&quot;The Abbey Theatre&quot; /</subfield><subfield code='r'>Conal O&apos;Riordan --</subfield><subfield code='t'>from Around the boree log.</subfield><subfield code='t'>&quot;St. Patrick&apos;s Day&quot; /</subfield><subfield code='r'>John O&apos;Brien --</subfield><subfield code='t'>from The house of success /</subfield><subfield code='r'>Darrell Figgis --</subfield><subfield code='t'>from The interpreters /</subfield><subfield code='r'>George Russell --</subfield><subfield code='t'>from The Manchester guardian.</subfield><subfield code='t'>&quot;The snipe&quot; /</subfield><subfield code='r'>Con O&apos;Leary --</subfield><subfield code='t'>from The dial.</subfield><subfield code='t'>&quot;Meditations in time of civil war&quot; /</subfield><subfield code='r'>W.B. Yeats --</subfield><subfield code='t'>from Earth-bound : nine stories of Ireland.</subfield><subfield code='t'>&quot;The portrait of Roisin Dhu&quot; /</subfield><subfield code='r'>Dorothy MacArdle --</subfield><subfield code='t'>from Tomorrow.</subfield><subfield code='t'>&quot;Leda and the swan&quot; /</subfield><subfield code='r'>W.B. Yeats --</subfield><subfield code='t'>from All the sad young men.</subfield><subfield code='t'>&quot;Absolution&quot; /</subfield><subfield code='r'>F. Scott Fitzgerald --</subfield><subfield code='t'>from Apostate /</subfield><subfield code='r'>Forrest Reid --</subfield><subfield code='t'>from The tent and other stories.</subfield><subfield code='t'>&quot;The tent&quot; /</subfield><subfield code='r'>Liam O&apos;Flaherty --</subfield><subfield code='t'>from The dial.</subfield><subfield code='t'>&quot;Among school children&quot; /</subfield><subfield code='r'>W.B. Yeats --</subfield><subfield code='t'>from The dark breed.</subfield><subfield code='t'>&quot;The dark breed&quot; /</subfield><subfield code='r'>F.R. Higgins --</subfield><subfield code='t'>from The tower.</subfield><subfield code='t'>&quot;Sailing to Byzantium&quot; /</subfield><subfield code='r'>W.B. Yeats --</subfield><subfield code='t'>from The Dublin review.</subfield><subfield code='t'>&quot;Seventh gift of the holy ghost&quot; /</subfield><subfield code='r'>Thomas MacGreevy.</subfield></datafield><datafield ind1='0' ind2='0' tag='505'><subfield code='g'>Irish writing in the 1930s : critical and documentary.</subfield><subfield code='t'>from The Saturday review of literature.</subfield><subfield code='t'>&quot;A letter from Dublin&quot; /</subfield><subfield code='r'>Mary Manning --</subfield><subfield code='t'>&quot;An essay on the character in Irish literature&quot; /</subfield><subfield code='r'>George Russell --</subfield><subfield code='t'>from The letters of F. Scott Fitzgerald /</subfield><subfield code='r'>F. Scott Fitzgerald --</subfield><subfield code='t'>from The bookman.</subfield><subfield code='t'>&quot;Recent Irish poetry&quot; /</subfield><subfield code='r'>Andrew Belis [Samuel Beckett] --</subfield><subfield code='t'>from The autobiography of a Liverpool Irish slummy /</subfield><subfield code='r'>Pat O&apos;Mara --</subfield><subfield code='t'>from Current history.</subfield><subfield code='t'>&quot;Joyce and the new Irish writers&quot; /</subfield><subfield code='r'>Ernest Boyd --</subfield><subfield code='t'>from The seals /</subfield><subfield code='r'>Monk Gibbon --</subfield><subfield code='t'>from The Saturday review of literature.</subfield><subfield code='t'>&quot;Boston Irish&quot; /</subfield><subfield code='r'>George C. Homans --</subfield><subfield code='t'>from Ireland today.</subfield><subfield code='t'>&quot;What I saw in Spain&quot; /</subfield><subfield code='r'>Peadar O&apos;Donnell --</subfield><subfield code='t'>from Farewell Spain.</subfield><subfield code='t'>&quot;Adios, turismo&quot; /</subfield><subfield code='r'>Kate O&apos;Brien --</subfield><subfield code='t'>from Scrutiny.</subfield><subfield code='t'>&quot; A letter from Ireland&quot; /</subfield><subfield code='r'>Grattan Freyer --</subfield><subfield code='t'>from The rocky road to Dublin.</subfield><subfield code='t'>&quot;So they said and felt and saw&quot; /</subfield><subfield code='r'>Seamas MacManus --</subfield><subfield code='t'>from Blue angels and whales.</subfield><subfield code='t'>&quot;Leaves from my note-book&quot; /</subfield><subfield code='r'>Robert Gibbings --</subfield><subfield code='t'>from I knock at the door.</subfield><subfield code='t'>&quot;Life is more than meat&quot; /</subfield><subfield code='r'>Sean O&apos;Casey --</subfield><subfield code='t'>from Machtnamh seana-mhná.</subfield><subfield code='t'>&quot;A milk house in Little Island : Nance Daly and Nora Keaveney&quot; /</subfield><subfield code='r'>Peig Sayers.</subfield></datafield><datafield ind1='0' ind2='0' tag='505'><subfield code='g'>Irish writing in the 1930s : imaginative.</subfield><subfield code='t'>from Guests of the nation.</subfield><subfield code='t'>&quot;Guests of the nation&quot; /</subfield><subfield code='r'>Frank O&apos;Connor --</subfield><subfield code='t'>from The garden /</subfield><subfield code='r'>L.A.G. Strong --</subfield><subfield code='t'>from The listener.</subfield><subfield code='t'>&quot;Ireland&quot; /</subfield><subfield code='r'>John Hewitt --</subfield><subfield code='t'>from The bright temptation /</subfield><subfield code='r'>Austin Clarke --</subfield><subfield code='t'>from The winding stair and other poems.</subfield><subfield code='t'>&quot;Coole Park and Ballylee, 1931&quot; ;</subfield><subfield code='t'>&quot;Byzantium&quot; ;</subfield><subfield code='t'>&quot;Remorse for intemperate speech&quot; ;</subfield><subfield code='t'>&quot;Crazy Jane talks with the bishop&quot; /</subfield><subfield code='r'>W.B. Yeats --</subfield><subfield code='t'>from Hello eternity!</subfield><subfield code='t'>&quot;Invitation&quot; ;</subfield><subfield code='t'>&quot;Here&quot; ;</subfield><subfield code='t'>&quot;Encyclopaedia&quot; /</subfield><subfield code='r'>Blanaid Salkeld --</subfield><subfield code='t'>from The yellow briar.</subfield><subfield code='t'>&quot;Jimmie&apos;s speeding&quot; /</subfield><subfield code='r'>Patrick Slater --</subfield><subfield code='t'>from BUtterfield 8 /</subfield><subfield code='r'>John O&apos;Hara --</subfield><subfield code='t'>from The young manhood of Studs Lonigan /</subfield><subfield code='r'>James T. Farrell --</subfield><subfield code='t'>from Echo&apos;s bones.</subfield><subfield code='t'>&quot;Echo&apos;s bones /</subfield><subfield code='r'>Samuel Beckett --</subfield><subfield code='t'>from The fox&apos;s covert.</subfield><subfield code='t'>&quot;The fox&apos;s covert&quot; /</subfield><subfield code='r'>Blanaid Salkeld --</subfield><subfield code='t'>from Three plays.</subfield><subfield code='t'>&quot;The king of Spain&apos;s daughter&quot; /</subfield><subfield code='r'>Teresa Deevy --</subfield><subfield code='t'>from Ward eight /</subfield><subfield code='r'>Joseph F. Dinneen --</subfield><subfield code='t'>from All that swagger /</subfield><subfield code='r'>Miles Franklin --</subfield><subfield code='t'>from Ploughman and other peoms.</subfield><subfield code='t'>&quot;Inniskeen road : July evening&quot; /</subfield><subfield code='r'>Patrick Kavanagh --</subfield><subfield code='t'>from Ireland today.</subfield><subfield code='t'>&quot;Game cock&quot; /</subfield><subfield code='r'>Michael McLaverty --</subfield><subfield code='t'>from The collected poems of Louis MacNeice.</subfield><subfield code='t'>&quot;Carrickfergus&quot; /</subfield><subfield code='r'>Louis MacNeice --</subfield><subfield code='t'>from Ireland today.</subfield><subfield code='t'>&quot;Poem&quot; ;</subfield><subfield code='t'>&quot;The tolerance of crows&quot; /</subfield><subfield code='r'>Charles Donnelly --</subfield><subfield code='t'>from Lifer /</subfield><subfield code='r'>Jim Phelan --</subfield><subfield code='t'>from Pray for the wanderer /</subfield><subfield code='r'>Kate O&apos;Brien --</subfield><subfield code='t'>from New poems.</subfield><subfield code='t'>&quot;Lapis lazuli&quot; /</subfield><subfield code='r'>W.B. Yeats --</subfield><subfield code='t'>from Night and morning.</subfield><subfield code='t'>&quot;The straying student&quot; ;</subfield><subfield code='t'>&quot;Summer lightning&quot; /</subfield><subfield code='r'>Austin Clarke --</subfield><subfield code='t'>from Autumn journal.</subfield><subfield code='t'>&quot;Section XVI&quot; /</subfield><subfield code='r'>Louis MacNeice --</subfield><subfield code='t'>from At swim-two-birds /</subfield><subfield code='r'>Flann O&apos;Brien --</subfield><subfield code='t'>from Last peoms and plays.</subfield><subfield code='t'>&quot;Under Ben Bulben&quot; ;</subfield><subfield code='t'>&quot;The statues&quot; ;</subfield><subfield code='t'>&quot;News for the Delphic oracle&quot; ;</subfield><subfield code='t'>&quot;The circus animals&apos; desertion&quot; ;</subfield><subfield code='t'>&quot;Politics&quot; /</subfield><subfield code='r'>W.B. Yeats --</subfield><subfield code='t'>from Horizon.</subfield><subfield code='t'>&quot;Cushendun&quot; /</subfield><subfield code='r'>Louis MacNeice.</subfield></datafield><datafield ind1='0' ind2='0' tag='505'><subfield code='g'>Irish writing in the 1940s : critical and documentary.</subfield><subfield code='t'>from Jail journal.</subfield><subfield code='t'>&quot;A chiel&apos;s amang ye&quot; /</subfield><subfield code='r'>Jim Phelan --</subfield><subfield code='t'>from The listener.</subfield><subfield code='t'>&quot;An Irishman looks at England&quot; /</subfield><subfield code='r'>Frank O&apos;Connor --</subfield><subfield code='t'>from Horizon.</subfield><subfield code='t'>&quot;Traveller&apos;s return /</subfield><subfield code='r'>Louis MacNeice --</subfield><subfield code='t'>from Ireland-Atlantic gateway.</subfield><subfield code='t'>&quot;The Irish empire&quot; /</subfield><subfield code='r'>Jim Phelan --</subfield><subfield code='t'>from Horizon.</subfield><subfield code='t'>&quot;The future of Irish literature&quot; /</subfield><subfield code='r'>Frank O&apos;Connor --</subfield><subfield code='t'>from The Irish times.</subfield><subfield code='t'>&quot;Cruiskeen lawn&quot; /</subfield><subfield code='r'>Myles Na Gopaleen --</subfield><subfield code='t'>from The tailor and Ansty /</subfield><subfield code='r'>Eric Cross --</subfield><subfield code='t'>from An Ulsterwoman in England 1924-41 /</subfield><subfield code='r'>Nesca A. Robb --</subfield><subfield code='t'>from Modern reading no. 6.</subfield><subfield code='t'>&quot;Irish letters and the war&quot; /</subfield><subfield code='r'>Robert Greacen --</subfield><subfield code='t'>from The bell.</subfield><subfield code='t'>&quot;Romance and realism&quot; /</subfield><subfield code='r'>Sean O&apos;Faolain --</subfield><subfield code='t'>from All for Hecuba.</subfield><subfield code='t'>&quot;Reconnoitre&quot; /</subfield><subfield code='r'>Micheál MacLiammóir --</subfield><subfield code='t'>from As I roved out : in Belfast and districts.</subfield><subfield code='t'>&quot;Tradition and the Falls road&quot; ;</subfield><subfield code='t'>&quot;How Belfast streets got their names&quot; ;</subfield><subfield code='t'>&quot;The northern star&quot; /</subfield><subfield code='r'>Cathal O&apos;Byrne --</subfield><subfield code='t'>from The Irish times.</subfield><subfield code='t'>&quot;An Irishman&apos;s diary&quot; /</subfield><subfield code='r'>Patrick Campbell --</subfield><subfield code='t'>from The listener.</subfield><subfield code='t'>&quot;The contemporary thought of Ireland&quot; /</subfield><subfield code='r'>Arland Ussher --</subfield><subfield code='t'>from Irish writing.</subfield><subfield code='t'>&quot;Irish-American literature, and why there isn&apos;t any&quot; /</subfield><subfield code='r'>John V. Kelleher --</subfield><subfield code='t'>from We follow the roads.</subfield><subfield code='t'>&quot;Drift&quot; /</subfield><subfield code='r'>Jim Phelan --</subfield><subfield code='t'>from The Irish book lover.</subfield><subfield code='t'>&quot;The worm turneth&quot; /</subfield><subfield code='r'>Colm Ó Lochlainn --</subfield><subfield code='t'>from Guerrilla days in Ireland.</subfield><subfield code='t'>&quot;Counter-terror&quot; /</subfield><subfield code='r'>Tom Barry --</subfield><subfield code='t'>from Inishfallen, fare thee well.</subfield><subfield code='t'>&quot;High road and low road&quot; /</subfield><subfield code='r'>Sean O&apos;Casey.</subfield></datafield><datafield ind1='0' ind2='0' tag='505'><subfield code='g'>Irish writing in the 1940s : imaginative.</subfield><subfield code='t'>from Letter from Ireland.</subfield><subfield code='t'>&quot;Thinking of Artolas&quot; ;</subfield><subfield code='t'>&quot;Letter from Ireland&quot; /</subfield><subfield code='r'>Ewart Milne --</subfield><subfield code='t'>from The great hunger.</subfield><subfield code='t'>&quot;Section VII&quot; /</subfield><subfield code='r'>Patrick Kavanagh --</subfield><subfield code='t'>from The bell.</subfield><subfield code='t'>&quot;Yung Mari Li&quot; /</subfield><subfield code='r'>Bryan MacMahon --</subfield><subfield code='t'>from A tree grows in Brooklyn /</subfield><subfield code='r'>Betty Smith --</subfield><subfield code='t'>from Lagan.</subfield><subfield code='t'>&quot;Once alien here&quot; /</subfield><subfield code='r'>John Hewitt --</subfield><subfield code='t'>from Rime, gentlemen, please.</subfield><subfield code='t'>&quot;For whom &apos;the bell&apos; tolls&quot; /</subfield><subfield code='r'>Robert Farren --</subfield><subfield code='t'>from The listener.</subfield><subfield code='t'>&quot;Poem&quot; /</subfield><subfield code='r'>Valentin Iremonger --</subfield><subfield code='t'>from The Penguin new writing, no. 20.</subfield><subfield code='t'>&quot;Mysterious Kôr&quot; /</subfield><subfield code='r'>Elizabeth Bowen --</subfield><subfield code='t'>from Lough Derg and other poems.</subfield><subfield code='t'>&quot;Lough Derg&quot; /</subfield><subfield code='r'>Denis Devlin --</subfield><subfield code='t'>from The blossoming thorn.</subfield><subfield code='t'>&quot;Immigrant exile I, II, III&quot; ;</subfield><subfield code='t'>&quot;Rhyme of two worlds&quot; /</subfield><subfield code='r'>John Coulter --</subfield><subfield code='t'>from Prince of darkness and other stories.</subfield><subfield code='t'>&quot;Prince of darkness&quot; /</subfield><subfield code='r'>J.F. Powers --</subfield><subfield code='t'>from An braon broghach = The road to brightcity.</subfield><subfield code='t'>&quot;The year 1912&quot; /</subfield><subfield code='r'>Máirtín Ó Cadhain.</subfield></datafield><datafield ind1='0' ind2='0' tag='505'><subfield code='g'>Irish writing in the 1950s : critical and documentary.</subfield><subfield code='t'>from Envoy.</subfield><subfield code='t'>&quot;Our Irish publishers&quot; /</subfield><subfield code='r'>John Ryan --</subfield><subfield code='t'>from Envoy.</subfield><subfield code='t'>&quot;Diary&quot; /</subfield><subfield code='r'>Patrick Kavanagh --</subfield><subfield code='t'>from Rolling down the lea.</subfield><subfield code='t'>&quot;The destruction still goes on&quot; /</subfield><subfield code='r'>Oliver St. John Gogarty --</subfield><subfield code='t'>from Turf beneath my feet.</subfield><subfield code='t'>&quot;Connemara : turf and a camera&quot; /</subfield><subfield code='r'>Garry Hogg --</subfield><subfield code='t'>from The last of the Irish R.M.s.</subfield><subfield code='t'>&quot;The First World War&quot; /</subfield><subfield code='r'>Sir Christopher Lynch-Robinson --</subfield><subfield code='t'>from Envoy.</subfield><subfield code='t'>&quot;A bash in the tunnel&quot; /</subfield><subfield code='r'>Brian O&apos;Nolan --</subfield><subfield code='t'>from Sweet Cork of thee /</subfield><subfield code='r'>Robert Gibbings --</subfield><subfield code='t'>from The listener.</subfield><subfield code='t'>&quot;The background to &apos;Dubliners&apos;&quot; /</subfield><subfield code='r'>Stanislaus Joyce --</subfield><subfield code='t'>from The bell.</subfield><subfield code='t'>&quot;Portrait of a minority&quot; /</subfield><subfield code='r'>Hubert Butler --</subfield><subfield code='t'>from The Dublin magazine.</subfield><subfield code='t'>&quot;Waiting for Godot&quot; /</subfield><subfield code='r'>A.J. Leventhal --</subfield><subfield code='t'>from The London magazine.</subfield><subfield code='t'>&quot;Coming to London--IV&quot; /</subfield><subfield code='r'>Elizabeth Bowen --</subfield><subfield code='t'>from The listener.</subfield><subfield code='t'>&quot;Meet, drink, and be airy&quot; /</subfield><subfield code='r'>W.R. Rodgers --</subfield><subfield code='t'>from A fretful midge /</subfield><subfield code='r'>Terence De Vere White --</subfield><subfield code='t'>from Irish journal.</subfield><subfield code='t'>&quot;In a manner of speaking&quot; /</subfield><subfield code='r'>Heinrich Böll --</subfield><subfield code='t'>from Irish folk ways.</subfield><subfield code='t'>&quot;Hearth and home&quot; /</subfield><subfield code='r'>E. Estyn Evans --</subfield><subfield code='t'>from Borstal boy /</subfield><subfield code='r'>Brendan Behan --</subfield><subfield code='t'>from The listener.</subfield><subfield code='t'>&quot;Writing a story : one man&apos;s way /</subfield><subfield code='r'>Frank O&apos;Connor.</subfield></datafield><datafield ind1='0' ind2='0' tag='505'><subfield code='g'>Irish writing in the 1950s : imaginative.</subfield><subfield code='t'>from Home is the stranger /</subfield><subfield code='r'>Edward A. McCourt --</subfield><subfield code='t'>from December bride /</subfield><subfield code='r'>Sam Hanna Bell --</subfield><subfield code='t'>from Envoy.</subfield><subfield code='t'>&quot;Who killed James Joyce&quot; /</subfield><subfield code='r'>Patrick Kavanagh --</subfield><subfield code='t'>from The Dublin magazine.</subfield><subfield code='t'>&quot;Yeats&apos;s tower at Ballylee&quot; /</subfield><subfield code='r'>Padraic Fallon --</subfield><subfield code='t'>from Europa and the bull.</subfield><subfield code='t'>&quot;The net&quot; /</subfield><subfield code='r'>W.R. Rodgers --</subfield><subfield code='t'>from Eireaball spideoige.</subfield><subfield code='t'>&quot;Siollabadh&quot; = &quot;Syllabling&quot; /</subfield><subfield code='r'>Seán Ó Ríordáin --</subfield><subfield code='t'>from Irish writing.</subfield><subfield code='t'>&quot;My Oedipus complex&quot; /</subfield><subfield code='r'>Frank O&apos;Connor --</subfield><subfield code='t'>from Molloy /</subfield><subfield code='r'>Samuel Beckett --</subfield><subfield code='t'>From the quare fellow /</subfield><subfield code='r'>Brendan Behan --</subfield><subfield code='t'>from The last hurrah /</subfield><subfield code='r'>Edwin O&apos;Connor --</subfield><subfield code='t'>from Long day&apos;s journey into night /</subfield><subfield code='r'>Eugene O&apos;Neill --</subfield><subfield code='t'>from Malone dies /</subfield><subfield code='r'>Samuel Beckett --</subfield><subfield code='t'>from The Sewanee review.</subfield><subfield code='t'>&quot;The tomb of Michael Collins&quot; /</subfield><subfield code='r'>Denis Devlin --</subfield><subfield code='t'>from The finest stories of Sean O&apos;Faolain.</subfield><subfield code='t'>&quot;Lovers of the lake&quot; /</subfield><subfield code='r'>Sean O&apos;Faolain --</subfield><subfield code='t'>from The body&apos;s imperfection.</subfield><subfield code='t'>&quot;Residue&quot; ;</subfield><subfield code='t'>&quot;Ripple&quot; ;</subfield><subfield code='t'>&quot;The harbour&quot; /</subfield><subfield code='r'>L.A.G. Strong --</subfield><subfield code='t'>Endgame /</subfield><subfield code='r'>Samuel Beckett --</subfield><subfield code='t'>from A touch of the poet, act one /</subfield><subfield code='r'>Eugene O&apos;Neill --</subfield><subfield code='t'>from New statesman and nation.</subfield><subfield code='t'>&quot;An Irishman in Coventry&quot; /</subfield><subfield code='r'>John Hewitt.</subfield></datafield><datafield ind1='0' ind2='0' tag='505'><subfield code='g'>Irish writing in the 1960s : critical and documentary.</subfield><subfield code='t'>from Studies.</subfield><subfield code='t'>&quot;Fifty years of Irish writing&quot; /</subfield><subfield code='r'>Sean O&apos;Faolain --</subfield><subfield code='t'>from West Briton.</subfield><subfield code='t'>&quot;Our set&quot; /</subfield><subfield code='r'>Brian Inglis --</subfield><subfield code='t'>from The lonely voice : a study of the short story /</subfield><subfield code='r'>Frank O&apos;Connor --</subfield><subfield code='t'>from My Ireland.</subfield><subfield code='t'>&quot;Dublin&quot; /</subfield><subfield code='r'>Kate O&apos;Brien --</subfield><subfield code='t'>from The spectator.</subfield><subfield code='t'>&quot;The rough field&quot; /</subfield><subfield code='r'>John Montague --</subfield><subfield code='t'>from In excited reverie.</subfield><subfield code='t'>&quot;Passion and cunning&quot; /</subfield><subfield code='r'>Conor Cruise O&apos;Brien --</subfield><subfield code='t'>from The Dublin magazine.</subfield><subfield code='t'>&quot;Editorial&quot; /</subfield><subfield code='r'>Rivers Carew, Timothy Brownlow --</subfield><subfield code='t'>from Ulster folklife.</subfield><subfield code='t'>&quot;A long night in the spike&quot; /</subfield><subfield code='r'>Michael J. Murphy --</subfield><subfield code='t'>from The spectator.</subfield><subfield code='t'>&quot;The reticence of &apos;Ulysses&apos;&quot; /</subfield><subfield code='r'>Anthony Burgess --</subfield><subfield code='t'>from Hibernia.</subfield><subfield code='t'>&quot;The severed hand&quot; /</subfield><subfield code='r'>Roy McFadden --</subfield><subfield code='t'>from Hibernia.</subfield><subfield code='t'>&quot;Strife and the Ulster poet&quot; /</subfield><subfield code='r'>Michael Longley --</subfield><subfield code='t'>from Hibernia.</subfield><subfield code='t'>&quot;John Hume&apos;s Derry&quot; /</subfield><subfield code='r'>Seamus Heaney.</subfield></datafield><datafield ind1='0' ind2='0' tag='505'><subfield code='g'>Irish writing in the 1960s : imaginative.</subfield><subfield code='t'>from The country girls /</subfield><subfield code='r'>Edna O&apos;Brien --</subfield><subfield code='t'>from The countrywoman /</subfield><subfield code='r'>Paul Smith --</subfield><subfield code='t'>from The saucer of larks.</subfield><subfield code='t'>&quot;Foundry house&quot; /</subfield><subfield code='r'>Brian Friel --</subfield><subfield code='t'>from Collected poems.</subfield><subfield code='t'>&quot;On Raglan Road&quot; ;</subfield><subfield code='t'>&quot;Canal bank walk&quot; ;</subfield><subfield code='t'>&quot;Lines written on a seat on the Grand Canal, Dublin&quot; /</subfield><subfield code='r'>Patrick Kavanagh --</subfield><subfield code='t'>from My dark fathers.</subfield><subfield code='t'>&quot;My dark fathers&quot; /</subfield><subfield code='r'>Brendan Kennelly --</subfield><subfield code='t'>from Brosna.</subfield><subfield code='t'>&quot;Claustrophobia&quot; /</subfield><subfield code='r'>Seán Ó Ríordáin --</subfield><subfield code='t'>from Michael Joe /</subfield><subfield code='r'>William Cotter Murray --</subfield><subfield code='t'>from Ireland her own.</subfield><subfield code='t'>&quot;The valley of Knockanure&quot; /</subfield><subfield code='r'>Bryan MacMahon --</subfield><subfield code='t'>from At night all cats are grey.</subfield><subfield code='t'>&quot;Go away, old man, go away&quot; /</subfield><subfield code='r'>Patrick Boyle --</subfield><subfield code='t'>from World&apos;s best science fiction 1967.</subfield><subfield code='t'>&quot;Light of other days&quot; /</subfield><subfield code='r'>Bob Shaw --</subfield><subfield code='t'>from Night-crossing.</subfield><subfield code='t'>&quot;A disused shed in Co. Wexford&quot; /</subfield><subfield code='r'>Derek Mahon --</subfield><subfield code='t'>from A bed in the sticks /</subfield><subfield code='r'>Lee Dunne --</subfield><subfield code='t'>from Selected poems 1956-68.</subfield><subfield code='t'>from &quot;Nightwalker&quot; /</subfield><subfield code='r'>Thomas Kinsella --</subfield><subfield code='t'>from Strumpet City /</subfield><subfield code='r'>James Plunkett --</subfield><subfield code='t'>from The hungry grass /</subfield><subfield code='r'>Richard Power.</subfield></datafield><datafield ind1='0' ind2='0' tag='505'><subfield code='g'>Irish writing in the 1970s : critical and documentary.</subfield><subfield code='t'>from Irish poets in English.</subfield><subfield code='t'>&quot;The divided mind&quot; /</subfield><subfield code='r'>Thomas Kinsella --</subfield><subfield code='t'>from Hibernia.</subfield><subfield code='t'>&quot;A censored decade&quot; /</subfield><subfield code='r'>John Jordan --</subfield><subfield code='t'>from The Cecil King diary 1970-74 /</subfield><subfield code='r'>Cecil King --</subfield><subfield code='t'>from &apos;On our knees&apos; : Ireland 1972.</subfield><subfield code='t'>&quot;Cry Irish&quot; /</subfield><subfield code='r'>Rosita Sweetman --</subfield><subfield code='t'>from Inishkillane.</subfield><subfield code='t'>&quot;Family life&quot; /</subfield><subfield code='r'>Hugh Brody --</subfield><subfield code='t'>from I am of Ireland /</subfield><subfield code='r'>Richard Howard Brown --</subfield><subfield code='t'>from The unexpurgated code.</subfield><subfield code='t'>&quot;Upon being told the fatal news--&quot; ;</subfield><subfield code='t'>&quot;Dying&quot; /</subfield><subfield code='r'>J.P. Donleavy --</subfield><subfield code='t'>from Sunday miscellany.</subfield><subfield code='t'>&quot;In Iowa : a beauty queen and a blind man&quot; /</subfield><subfield code='r'>Benedict Kiely --</subfield><subfield code='t'>from Hibernia.</subfield><subfield code='t'>&quot;Broken images&quot; /</subfield><subfield code='r'>Jack Holland --</subfield><subfield code='t'>from The Irish times.</subfield><subfield code='t'>&quot;The soft centre of Irish writing&quot; /</subfield><subfield code='r'>Francis Stuart --</subfield><subfield code='t'>from Southern review.</subfield><subfield code='t'>&quot;Being Irish together&quot; /</subfield><subfield code='r'>Denis Donoghue --</subfield><subfield code='t'>from The crane bag.</subfield><subfield code='t'>&quot;Unhappy and at home : interview with Seamus Heaney /</subfield><subfield code='r'>Seamus Deane --</subfield><subfield code='t'>from The tablet.</subfield><subfield code='t'>&quot;Britain&apos;s Irish workers&quot; /</subfield><subfield code='r'>Donall MaCamhlaigh --</subfield><subfield code='t'>from A place apart /</subfield><subfield code='r'>Dervla Murphy.</subfield></datafield><datafield ind1='0' ind2='0' tag='505'><subfield code='g'>Irish writing in the 1970s : imaginative.</subfield><subfield code='t'>from Down all the days /</subfield><subfield code='r'>Christy Brown --</subfield><subfield code='t'>from Troubles /</subfield><subfield code='r'>J.G. Farrell --</subfield><subfield code='t'>from Atlantis.</subfield><subfield code='t'>&quot;Early recollections&quot; /</subfield><subfield code='r'>Eiléan Ní Chuilleanáin --</subfield><subfield code='t'>from Black list, section h /</subfield><subfield code='r'>Francis Stuart --</subfield><subfield code='t'>from The rough field.</subfield><subfield code='t'>&quot;A lost tradition&quot; /</subfield><subfield code='r'>John Montague --</subfield><subfield code='t'>from The ballroom of romance and other stories.</subfield><subfield code='t'>&quot;The ballroom of romance&quot; /</subfield><subfield code='r'>William Trevor --</subfield><subfield code='t'>from A memory and other stories.</subfield><subfield code='t'>&quot;A memory&quot; /</subfield><subfield code='r'>Mary Lavin --</subfield><subfield code='t'>from The wood-burners.</subfield><subfield code='t'>&quot;The Irish&quot; ;</subfield><subfield code='t'>&quot;The wood-burners&quot; ;</subfield><subfield code='t'>&quot;By nature diffident&quot; /</subfield><subfield code='r'>Patrick Galvin --</subfield><subfield code='t'>from West strand visions.</subfield><subfield code='t'>&quot;Claudy&quot; /</subfield><subfield code='r'>James Simmons --</subfield><subfield code='t'>from North.</subfield><subfield code='t'>&quot;Punishment&quot; ;</subfield><subfield code='t'>&quot;A constable calls&quot; ;</subfield><subfield code='t'>&quot;Exposure&quot; /</subfield><subfield code='r'>Seamus Heaney --</subfield><subfield code='t'>from The lady and the travelling salesman.</subfield><subfield code='t'>&quot;Visiting the future&quot; /</subfield><subfield code='r'>Leo Simpson --</subfield><subfield code='t'>from Great granny Webster /</subfield><subfield code='r'>Caroline Blackwood --</subfield><subfield code='t'>from Shadows on our skin /</subfield><subfield code='r'>Jennifer Johnston --</subfield><subfield code='t'>from A cow in the house.</subfield><subfield code='t'>&quot;The night we rode with Sarsfield&quot; /</subfield><subfield code='r'>Benedict Kiely --</subfield><subfield code='t'>from Under stars.</subfield><subfield code='t'>&quot;The ballad of Ballymote&quot; /</subfield><subfield code='r'>Tess Gallagher --</subfield><subfield code='t'>from Later.</subfield><subfield code='t'>&quot;Theresa&apos;s friends&quot; /</subfield><subfield code='r'>Robert Creeley --</subfield><subfield code='t'>from Stand.</subfield><subfield code='t'>&quot;For poets writing in English over in Ireland&quot; /</subfield><subfield code='r'>Iain Crichton Smith --</subfield><subfield code='t'>from The year of the French.</subfield><subfield code='t'>&quot;Ballinamuck, September 10&quot; /</subfield><subfield code='r'>Thomas Flanagan --</subfield><subfield code='t'>from Field work.</subfield><subfield code='t'>&quot;Casualty&quot; ;</subfield><subfield code='t'>&quot;The skunk&quot; /</subfield><subfield code='r'>Seamus Heaney --</subfield><subfield code='t'>from The pattern.</subfield><subfield code='t'>&quot;The gaeltacht&quot; /</subfield><subfield code='r'>Vincent Buckley --</subfield><subfield code='t'>from The Mangan inheritance /</subfield><subfield code='r'>Brian Moore.</subfield></datafield><datafield ind1='0' ind2='0' tag='505'><subfield code='g'>Irish writing in the 1980s : critical and documentary.</subfield><subfield code='t'>from The new statesman.</subfield><subfield code='t'>&quot;Ireland blasts back&quot; /</subfield><subfield code='r'>Mary Holland --</subfield><subfield code='t'>from Tales from two cities : travels of another sort /</subfield><subfield code='r'>Dervla Murphy --</subfield><subfield code='t'>from The observer.</subfield><subfield code='t'>&quot;A tribute to Beckett on his eightieth birthday&quot; /</subfield><subfield code='r'>Derek Mahon --</subfield><subfield code='t'>from The Irish times.</subfield><subfield code='t'>&quot;Poetry in Ireland from its roots&quot; /</subfield><subfield code='r'>Peter Sirr --</subfield><subfield code='t'>from Memory Ireland.</subfield><subfield code='t'>&quot;Introduction&quot; /</subfield><subfield code='r'>Vincent Buckley --</subfield><subfield code='t'>from The edge of the city.</subfield><subfield code='t'>&quot;Interview with Van Morrison&quot; /</subfield><subfield code='r'>Desmond Hogan --</subfield><subfield code='t'>from Saintly Billy.</subfield><subfield code='t'>&quot;The Irish and the English&quot; /</subfield><subfield code='r'>Bill Naughton --</subfield><subfield code='t'>from Nationalism, colonialism and literature.</subfield><subfield code='t'>&quot;Yeats and decolonization&quot; /</subfield><subfield code='r'>Edward Said --</subfield><subfield code='t'>from Across the frontiers.</subfield><subfield code='t'>&quot;Bono : the white nigger&quot; /</subfield><subfield code='r'>Paul Hewson --</subfield><subfield code='t'>from Race and class.</subfield><subfield code='t'>&quot;Mothers, whores and villains&quot; /</subfield><subfield code='r'>Bill Rolston --</subfield><subfield code='t'>from Riding the yellow trolley car.</subfield><subfield code='t'>&quot;Tap dancing into reality&quot; /</subfield><subfield code='r'>William Kennedy --</subfield><subfield code='t'>from Object lessons.</subfield><subfield code='t'>&quot;Outside history&quot; /</subfield><subfield code='r'>Eavan Boland --</subfield><subfield code='t'>from Harp /</subfield><subfield code='r'>John Gregory Dunne --</subfield><subfield code='t'>from Helsinger station and other departures.</subfield><subfield code='t'>&quot;1927 : earliest misgivings, the march of the cadavers&quot; /</subfield><subfield code='r'>Aidan Higgins.</subfield></datafield><datafield ind1='0' ind2='0' tag='505'><subfield code='g'>Irish writing in the 1980s : imaginative.</subfield><subfield code='t'>from Why Brownlee left.</subfield><subfield code='t'>&quot;Ireland&quot; /</subfield><subfield code='r'>Paul Muldoon --</subfield><subfield code='t'>from A Belfast woman.</subfield><subfield code='t'>&quot;A Belfast woman&quot; /</subfield><subfield code='r'>Mary Beckett --</subfield><subfield code='t'>from High ground.</subfield><subfield code='t'>&quot;Gold watch&quot; /</subfield><subfield code='r'>John McGahern --</subfield><subfield code='t'>from Aquarius.</subfield><subfield code='t'>&quot;Unique&quot; /</subfield><subfield code='r'>Desmond Egan --</subfield><subfield code='t'>from Translations /</subfield><subfield code='r'>Brian Friel --</subfield><subfield code='t'>from Good behaviour /</subfield><subfield code='r'>Molly Keane --</subfield><subfield code='t'>from Kepler /</subfield><subfield code='r'>John Banville --</subfield><subfield code='t'>from The flower master.</subfield><subfield code='t'>&quot;The flower master&quot; /</subfield><subfield code='r'>Medbh McGuckian --</subfield><subfield code='t'>from Quoof.</subfield><subfield code='t'>&quot;Quoof&quot; /</subfield><subfield code='r'>Paul Muldoon --</subfield><subfield code='t'>from Jumping the tracks with Angela.</subfield><subfield code='t'>&quot;Trinity College Dublin, 1983&quot; /</subfield><subfield code='r'>Paul Durcan --</subfield><subfield code='t'>from The selected Roy McFadden.</subfield><subfield code='t'>&quot;Conveyancer&quot; /</subfield><subfield code='r'>Roy McFadden --</subfield><subfield code='t'>from Edible anecdotes.</subfield><subfield code='t'>&quot;A tourist comments on the land of his forefathers&quot; /</subfield><subfield code='r'>Julie O&apos;Callaghan --</subfield><subfield code='t'>from Cromwell.</subfield><subfield code='t'>&quot;Magic&quot; ;</subfield><subfield code='t'>&quot;Wine&quot; ;</subfield><subfield code='t'>&quot;A bit of a swap&quot; ;</subfield><subfield code='t'>&quot;Therefore I smile&quot; ;</subfield><subfield code='t'>&quot;A running battle&quot; /</subfield><subfield code='r'>Brendan Kennelly --</subfield><subfield code='t'>from Ironweed /</subfield><subfield code='r'>William Kennedy --</subfield><subfield code='t'>from Cal /</subfield><subfield code='r'>Bernard MacLaverty --</subfield><subfield code='t'>from Station Island /</subfield><subfield code='r'>Seamus Heaney --</subfield><subfield code='t'>from Willingly.</subfield><subfield code='t'>&quot;Each bird walking&quot; /</subfield><subfield code='r'>Tess Gallagher --</subfield><subfield code='t'>from The Berlin Wall café.</subfield><subfield code='t'>&quot;Bewley&apos;s Oriental Café, Westmoreland Street&quot; /</subfield><subfield code='r'>Paul Durcan --</subfield><subfield code='t'>from A sense of wonder.</subfield><subfield code='t'>&quot;A sense of wonder&quot; /</subfield><subfield code='r'>Van Morrison --</subfield><subfield code='t'>from The streets of Ancoats /</subfield><subfield code='r'>Malcolm Lynch --</subfield><subfield code='t'>from Under the influence.</subfield><subfield code='t'>&quot;My land is too green&quot; /</subfield><subfield code='r'>Eric A. Visser, Antoinette Hensey --</subfield><subfield code='t'>Conversations on a homecoming /</subfield><subfield code='r'>Tom Murphy --</subfield><subfield code='t'>from the Republic of conscience.</subfield><subfield code='t'>&quot;From the republic of conscience&quot; /</subfield><subfield code='r'>Seamus Heaney --</subfield><subfield code='t'>from Missa terribilis.</subfield><subfield code='t'>&quot;The British connection&quot; ;</subfield><subfield code='t'>&quot;Enemy encounter&quot; ;</subfield><subfield code='t'>&quot;Crucifixus&quot; ;</subfield><subfield code='t'>Tears/a lacrimosa&quot; /</subfield><subfield code='r'>Padraic Fiacc --</subfield><subfield code='t'>from Letters to the hinterland.</subfield><subfield code='t'>&quot;Survivor&quot; ;</subfield><subfield code='t'>&quot;The Astoria&quot; /</subfield><subfield code='r'>Roy McFadden --</subfield><subfield code='t'>from The Irish times.</subfield><subfield code='t'>&quot;Echo&apos;s bones&quot; /</subfield><subfield code='r'>Desmond Egan --</subfield><subfield code='t'>from Three plays for Ireland.</subfield><subfield code='t'>&quot;Pentecost&quot; /</subfield><subfield code='r'>Stewart Parker --</subfield><subfield code='t'>from The Irish for no.</subfield><subfield code='t'>&quot;Belfast confetti&quot; /</subfield><subfield code='r'>Ciaran Carson --</subfield><subfield code='t'>from The journey.</subfield><subfield code='t'>&quot;Mise Eire&quot; ;</subfield><subfield code='t'>&quot;The emigrant Irish&quot; ;</subfield><subfield code='t'>&quot;Tirade for the lyric muse&quot; /</subfield><subfield code='r'>Eavan Boland --</subfield><subfield code='t'>from An bás i dTír na nÓg.</subfield><subfield code='t'>&quot;Abair do Phaidir = &quot;Say a prayer&quot; /</subfield><subfield code='r'>Seán Ó Tuama --</subfield><subfield code='t'>from The pogues, if I should fall from grace.</subfield><subfield code='t'>&quot;Thousands are sailing&quot; /</subfield><subfield code='r'>Philip Chevron --</subfield><subfield code='t'>from The other side /</subfield><subfield code='r'>Mary Gordon --</subfield><subfield code='t'>from Ripley Bogle /</subfield><subfield code='r'>Robert McLiam Wilson.</subfield></datafield><datafield ind1='0' ind2='0' tag='505'><subfield code='g'>Irish writing in the 1990s : critical and docuentary.</subfield><subfield code='t'>from Cathleen to anorexia : the breakdown of Irelands /</subfield><subfield code='r'>Edna Longley --</subfield><subfield code='t'>from Song for a poor boy : a Cork childhood /</subfield><subfield code='r'>Patrick Galvin --</subfield><subfield code='t'>from Proved innocent .</subfield><subfield code='t'>&quot;Wandsworth&quot; /</subfield><subfield code='r'>Gerry Conlon --</subfield><subfield code='t'>from The Irish review.</subfield><subfield code='t'>&quot;Anecdotes over a jar&quot; /</subfield><subfield code='r'>Gerald Dawe --</subfield><subfield code='t'>from Krino.</subfield><subfield code='t'>&quot;Twentieth century poetry in Irish&quot; /</subfield><subfield code='r'>Seán Ó Tuama --</subfield><subfield code='t'>from Now and in time to be /</subfield><subfield code='r'>Thomas Keneally --</subfield><subfield code='t'>from Journey into joy.</subfield><subfield code='t'>&quot;Irish poetry since Yeats&quot; /</subfield><subfield code='r'>Brendan Kennelly --</subfield><subfield code='t'>from Irish studies review.</subfield><subfield code='t'>&quot;Rejoinder&quot; /</subfield><subfield code='r'>Colin Graham --</subfield><subfield code='t'>from The honest Ulsterman.</subfield><subfield code='t'>&quot; The Belfast group&quot; /</subfield><subfield code='r'>Philip Hobsbaum --</subfield><subfield code='t'>from Donkey&apos;s years.</subfield><subfield code='t'>&quot;The great flood&quot; /</subfield><subfield code='r'>Aidan Higgins --</subfield><subfield code='t'>from Stones of Aran : labyrinth.</subfield><subfield code='t'>&quot;Among the thorns&quot; /</subfield><subfield code='r'>Tim Robinson --</subfield><subfield code='t'>from Critical survey.</subfield><subfield code='t'>&quot;Declining identities (lit. and fig.)&quot; /</subfield><subfield code='r'>Ailbhe Smyth --</subfield><subfield code='t'>from Éire-Ireland.</subfield><subfield code='t'>&quot;Exile, attitude, and the Sin-É-Café /</subfield><subfield code='r'>Eamonn Wall --</subfield><subfield code='t'>from London review of books.</subfield><subfield code='t'>&quot;Playboys of the GPO&quot; /</subfield><subfield code='r'>Colm Tóibín --</subfield><subfield code='t'>from Poetry Ireland review.</subfield><subfield code='t'>&quot;Disappearing language&quot; /</subfield><subfield code='r'>Louis De Paor --</subfield><subfield code='t'>from Granta.</subfield><subfield code='t'>&quot;Brand leader&quot; /</subfield><subfield code='r'>Fintan O&apos;Toole --</subfield><subfield code='t'>from The star factory.</subfield><subfield code='t'>&quot;Brickle bridge&quot; /</subfield><subfield code='r'>Ciaran Carson --</subfield><subfield code='t'>from Crazy John and the bishop.</subfield><subfield code='t'>&quot;Revisionism revisited&quot; /</subfield><subfield code='r'>Terry Eagleton --</subfield><subfield code='t'>from All souls : a family story from Southie /</subfield><subfield code='r'>Michael Patrick MacDonald --</subfield><subfield code='t'>from Lost lives /</subfield><subfield code='r'>David McKittrick et al.</subfield></datafield><datafield ind1='0' ind2='0' tag='505'><subfield code='g'>Irish writing in the 1990s : imaginative.</subfield><subfield code='t'>from Pharaoh&apos;s daughter.</subfield><subfield code='t'>&quot;An bhean mhídhílis&quot; = &quot;The unfaithful wife&quot; ;</subfield><subfield code='t'>&quot;Ceist na teangan&quot; = &quot;The language issue&quot; /</subfield><subfield code='r'>Nuala Ní Dhomhnaill --</subfield><subfield code='t'>from Outside history.</subfield><subfield code='t'>&quot;The Achill woman&quot; /</subfield><subfield code='r'>Eavan Boland --</subfield><subfield code='t'>from Those sailing ships of his boyhood dreams.</subfield><subfield code='t'>&quot;A well travelled woman&quot; /</subfield><subfield code='r'>Moy McCrory --</subfield><subfield code='t'>from Explaining magnetism.</subfield><subfield code='t'>&quot;Second generation&quot; /</subfield><subfield code='r'>Maura Dooley --</subfield><subfield code='t'>from Gorse fires.</subfield><subfield code='t'>&quot;Detour&quot; ;</subfield><subfield code='t'>&quot;The butchers&quot; /</subfield><subfield code='r'>Michael Longley --</subfield><subfield code='t'>from Last poems.</subfield><subfield code='t'>from &quot;Hunger strike&quot; /</subfield><subfield code='r'>Vincent Buckley --</subfield><subfield code='t'>from high time for all the marys.</subfield><subfield code='t'>&quot;high time for all the marys&quot; /</subfield><subfield code='r'>Máire Bradshaw --</subfield><subfield code='t'>from The Bradford count.</subfield><subfield code='t'>&quot;From the Irish&quot; /</subfield><subfield code='r'>Ian Duhig --</subfield><subfield code='t'>from The Astrakhan cloak.</subfield><subfield code='t'>&quot;Caitlín&quot; = &quot;Cathleen&quot; /</subfield><subfield code='r'>Nuala Ní Dhomhnaill --</subfield><subfield code='t'>from The butcher boy /</subfield><subfield code='r'>Patrick McCabe --</subfield><subfield code='t'>from Grub.</subfield><subfield code='t'>&quot;In the parlour&quot; ;</subfield><subfield code='t'>&quot;Gate 49&quot; ;</subfield><subfield code='t'>&quot;Madonna and child&quot; /</subfield><subfield code='r'>Martin Mooney --</subfield><subfield code='t'>from A staircase for all souls.</subfield><subfield code='t'>&quot;At Spanish banks&quot; /</subfield><subfield code='r'>George McWhirter --</subfield><subfield code='t'>from At the grave of Silone.</subfield><subfield code='t'>&quot;Where we live&quot; /</subfield><subfield code='r'>Harry Clifton --</subfield><subfield code='t'>from Homecoming/an bealach &apos;na bhaile.</subfield><subfield code='t'>&quot;Cor úr&quot; = &quot;A fresh dimension&quot; /</subfield><subfield code='r'>Cathal Ó Searcaigh --</subfield><subfield code='t'>from Resurrection man /</subfield><subfield code='r'>Eoin McNamee --</subfield><subfield code='t'>from The mai /</subfield><subfield code='r'>Marina Carr --</subfield><subfield code='t'>from The prince of the quotidian.</subfield><subfield code='t'>&quot;After two days grading papers from the seminar I taught&quot; /</subfield><subfield code='r'>Paul Muldoon --</subfield><subfield code='t'>from Walking a line.</subfield><subfield code='t'>&quot;51 Sans Souci Park&quot; ;</subfield><subfield code='t'>&quot;A Belfast bildungsroman&quot; /</subfield><subfield code='r'>Tom Paulin --</subfield><subfield code='t'>from The steward of Christendom /</subfield><subfield code='r'>Sebastian Barry --</subfield><subfield code='t'>from The ghost orchid.</subfield><subfield code='t'>&quot;Sheela-na-gig&quot; ;</subfield><subfield code='t'>&quot;Ceasefire&quot; /</subfield><subfield code='r'>Michael Longley --</subfield><subfield code='t'>from American wake.</subfield><subfield code='t'>&quot;The fifth province&quot; ;</subfield><subfield code='t'>&quot;On the renovation of Ellis Island&quot; /</subfield><subfield code='r'>Greg Delanty --</subfield><subfield code='t'>from The woman who walked into doors /</subfield><subfield code='r'>Roddy Doyle --</subfield><subfield code='t'>from The Hudson letter.</subfield><subfield code='t'>&quot;Global village&quot; /</subfield><subfield code='r'>Derek Mahon --</subfield><subfield code='t'>from The bend for home /</subfield><subfield code='r'>Dermot Healy --</subfield><subfield code='t'>from Higher purchase.</subfield><subfield code='t'>&quot;Remapping the borders&quot; /</subfield><subfield code='r'>Rita Ann Higgins --</subfield><subfield code='t'>from Reading in the dark.</subfield><subfield code='t'>&quot;Mother&quot; /</subfield><subfield code='r'>Seamus Deane --</subfield><subfield code='t'>from Eureka Street /</subfield><subfield code='r'>Robert McLiam Wilson --</subfield><subfield code='t'>from Opera et cetera.</subfield><subfield code='t'>&quot;Letters from the alphabet/o&quot; ;</subfield><subfield code='t'>&quot;Jacta est alia&quot; ;</subfield><subfield code='t'>&quot;Tango&quot; /</subfield><subfield code='r'>Ciaran Carson --</subfield><subfield code='t'>from Another nation.</subfield><subfield code='t'>&quot;Cuchulainn&quot; /</subfield><subfield code='r'>Michael O&apos;Loughlin --</subfield><subfield code='t'>from I could read the sky /</subfield><subfield code='r'>Timothy O&apos;Grady, Steven Pyke --</subfield><subfield code='t'>from The knife in the wave.</subfield><subfield code='t'>&quot;The lightcatchers&quot; /</subfield><subfield code='r'>Mary O&apos;Malley --</subfield><subfield code='t'>The lonesome west /</subfield><subfield code='r'>Martin McDonagh --</subfield><subfield code='t'>from The hellbox.</subfield><subfield code='t'>&quot;The printer&apos;s devil&quot; /</subfield><subfield code='r'>Greg Delanty --</subfield><subfield code='t'>from Greetings to our friends in Brazil.</subfield><subfield code='t'>&quot;The Mary Robinson years&quot; /</subfield><subfield code='r'>Paul Durcan.</subfield></datafield><datafield ind1='1' ind2=' ' tag='520'><subfield code='a'>&quot;Extending to over 1300 pages Irish Writing in the Twentieth Century: A Reader offers a comprehensive and pleasurable introduction to modern Irish literature in a single volume. The Reader contains over 400 pieces including letters, diaries, newspaper and journal articles, songs, poems, critical essays, literary profiles, entire plays and short stories as well as extracts from novels and other longer works. Texts which until now have been out of print or difficult to locate are made easily accessible once more.&quot;</subfield></datafield><datafield ind1='8' ind2=' ' tag='520'><subfield code='a'>&quot;Arranged chronologically by decade, from the 1890s to the 1990s, each decade is divided into two different types of writing: critical/documentary and imaginative writing, and is accompanied by a headnote which situates it thematically and chronologically. The Reader is also structured for thematic study by listing all the pieces included under a series of topic headings. The wide range of material encompasses writings of well-known figures in the Irish canon and neglected writers alike. This will appeal to the general reader, but also makes Irish Writing in the Twentieth Century ideal as a core text, providing a unique focus for detailed study in a single volume.&quot;--Jacket.</subfield></datafield><datafield ind1=' ' ind2='0' tag='650'><subfield code='a'>English literature</subfield><subfield code='x'>Irish authors</subfield></datafield><datafield ind1=' ' ind2='0' tag='650'><subfield code='a'>English literature</subfield><subfield code='y'>20th century</subfield></datafield><datafield ind1=' ' ind2='0' tag='650'><subfield code='a'>Irish literature</subfield><subfield code='x'>Translations into English</subfield></datafield><datafield ind1=' ' ind2='0' tag='651'><subfield code='a'>Ireland</subfield><subfield code='v'>Literary collections</subfield></datafield><datafield ind1=' ' ind2='7' tag='655'><subfield code='a'>Literary collections</subfield><subfield code='2'>fast</subfield></datafield><datafield ind1=' ' ind2='7' tag='655'><subfield code='a'>Translations</subfield><subfield code='2'>fast</subfield></datafield><datafield ind1=' ' ind2='7' tag='655'><subfield code='a'>Poetry</subfield><subfield code='2'>lcgft</subfield></datafield><datafield ind1=' ' ind2='7' tag='655'><subfield code='a'>Short stories</subfield><subfield code='2'>lcgft</subfield></datafield><datafield ind1=' ' ind2='7' tag='655'><subfield code='a'>Fiction</subfield><subfield code='2'>lcgft</subfield></datafield><datafield ind1=' ' ind2='7' tag='655'><subfield code='a'>Drama</subfield><subfield code='2'>lcgft</subfield></datafield><datafield ind1=' ' ind2='7' tag='655'><subfield code='a'>Autobiographies</subfield><subfield code='2'>lcgft</subfield></datafield><datafield ind1=' ' ind2='7' tag='655'><subfield code='a'>Essays</subfield><subfield code='2'>lcgft</subfield></datafield><datafield ind1=' ' ind2='7' tag='655'><subfield code='a'>Literature</subfield><subfield code='2'>lcgft</subfield></datafield><datafield ind1=' ' ind2='7' tag='648'><subfield code='a'>1800-1999</subfield><subfield code='2'>fast</subfield></datafield><datafield ind1=' ' ind2='7' tag='648'><subfield code='a'>Geschichte 1890-1999.</subfield><subfield code='2'>swd</subfield></datafield><datafield ind1='1' ind2=' ' tag='700'><subfield code='a'>Pierce, David,</subfield><subfield code='d'>1947-</subfield></datafield><datafield ind1='0' ind2='8' tag='776'><subfield code='i'>Online version:</subfield><subfield code='t'>Irish writing in the twentieth century.</subfield><subfield code='d'>Cork, Ireland : Cork University Press, 2000</subfield><subfield code='w'>(OCoLC)606553645</subfield></datafield><datafield ind1='1' ind2=' ' tag='583'><subfield code='a'>committed to retain</subfield><subfield code='c'>20181001</subfield><subfield code='d'>in perpetuity</subfield><subfield code='f'>ReCAP Shared Collection</subfield><subfield code='5'>HUL</subfield><subfield code='8'>222043623940003941</subfield></datafield><datafield ind1='0' ind2=' ' tag='852'><subfield code='c'>HD</subfield><subfield code='h'>PR8844</subfield><subfield code='i'>.I76 2000</subfield><subfield code='0'>11314868</subfield><subfield code='b'>scsbhl</subfield></datafield><datafield ind1=' ' ind2=' ' tag='876'><subfield code='0'>11314868</subfield><subfield code='a'>17047995</subfield><subfield code='h'> </subfield><subfield code='j'>Available</subfield><subfield code='k'>WID</subfield><subfield code='p'>HX1XDG</subfield><subfield code='x'>Shared</subfield><subfield code='z'>HW</subfield><subfield code='l'>HD</subfield></datafield></record>