
<record><leader>00000cam a2200577 i 4500</leader><controlfield tag='001'>SCSB-14825490</controlfield><controlfield tag='003'>OCoLC</controlfield><controlfield tag='005'>20190717022429.0</controlfield><controlfield tag='008'>130614t20142014nyu      bk   001 0 eng  cam i </controlfield><controlfield tag='009'>.b218097372</controlfield><datafield ind1='1' ind2=' ' tag='100'><subfield code='a'>Brackett, David.</subfield></datafield><datafield ind1=' ' ind2='0' tag='650'><subfield code='a'>Popular music</subfield><subfield code='z'>United States</subfield><subfield code='x'>History and criticism.</subfield></datafield><datafield ind1=' ' ind2='7' tag='650'><subfield code='a'>Popular music.</subfield><subfield code='2'>fast</subfield><subfield code='0'>(OCoLC)fst01071422</subfield></datafield><datafield ind1=' ' ind2='7' tag='651'><subfield code='a'>United States.</subfield><subfield code='2'>fast</subfield><subfield code='0'>(OCoLC)fst01204155</subfield></datafield><datafield ind1=' ' ind2='7' tag='655'><subfield code='a'>Criticism, interpretation, etc.</subfield><subfield code='2'>fast</subfield><subfield code='0'>(OCoLC)fst01411635</subfield></datafield><datafield ind1=' ' ind2=' ' tag='250'><subfield code='a'>Third editon.</subfield></datafield><datafield ind1=' ' ind2=' ' tag='020'><subfield code='a'>9780199811700</subfield></datafield><datafield ind1=' ' ind2=' ' tag='020'><subfield code='a'>0199811709</subfield></datafield><datafield ind1=' ' ind2=' ' tag='010'><subfield code='a'>  2013024079</subfield></datafield><datafield ind1=' ' ind2=' ' tag='504'><subfield code='a'>Includes bibliographical references (pages 561-566), discographies, and index.</subfield></datafield><datafield ind1='0' ind2=' ' tag='505'><subfield code='a'>pt. 1: Before 1950. Irving Berlin in Tin Pan Alley. Irving Berlin and the Crucible of God / Charles Hamm -- Technology, the dawn of modern popular music, and the &quot;king of Jazz.&quot; On wax / Paul Whiteman and Mary Margaret McBride -- Big band swing music : race and power in the music business. Black music&apos;s on top; white jazz stagnant / Marvin Freedman ; The dance band business: a study in Black and White / Irving Kolodin -- Solo pop singers and new forms of fandom. The bobby sox have wilted, but the memory remains fresh / Martha Weinman Lear -- Hillbilly and race music. Thar&apos;s gold in them Hillbillies / Kyle Crichton -- Blues people and the classic blues. From Blues people: the Negro experience in white America and the music that developed from it / Leroi Jones -- The empress of the blues. From Hear me talkin&apos; to ya: the story of jazz as told bye the men who made it / Nat Shapiro and Nat Hentoff -- At the crossroads with Son House. Son House : living king of Delta / Jerry Gilbert -- From race music to Rhythm and blues : T-Bone Walker. T-Bone Walker: father of the blues / Kevin Sheridan and Peter Sheridan -- Jumpin&apos; the blues with Louis Jordan. Bands dug by the beat: Louis Jordan / Down Beat ; From Honkers and shouters: the golden years of rhythm and blues / Arnold Shaw -- On the bandstand with Johnny Otis. From Upside your head! Rhythm and blues on Central Avenue / Johnny Otis -- The producers answer back : the emergence of the &quot;indie&quot; record company. Indies&apos; surprise survival: small labels&apos; ingenuity and skill pay off / Bill Simon ; From Honkers and shouters: the golden years of rhythm and blues / Arnold Shaw -- Country music as folk music, country music as novelty. American folk tunes: cowboy and hillbilly tunes and tunesters / Billboard -- Corn of plenty / Newsweek.</subfield></datafield><datafield ind1='0' ind2=' ' tag='505'><subfield code='a'>pt. 2: The 1950s. Country music approaches the mainstream. Country music goes to town / Rufus Jarman -- Rhythm and blues in the early 1950s : B.B. King. From Honkers and shouters: the golden years of rhythm and blues / Arnold Shaw -- &quot;The house that Ruth Brown built.&quot; From Miss rhythm: the autobiography of Ruth Brown, rhythm and blues legend / Ruth Brown (with Andrew Yule) -- Ray Charles, or when Saturday night mixed it up with Sunday morning. From Brother Ray: Ray Charles&apos; own story / Ray Charles and David Ritz -- Jerry Wexler : a life in R &amp; B. From Rhythm and the blues: a life in American music / Jerry Wexler and David Ritz -- The growing threat of rhythm and blues. Top names now singing the blues as newcomers roll on R &amp; B tide -- A warning to the music business / Variety -- From Rhythm and blues to rock &apos;n&apos; roll : the songs of Chuck Berry. Chuck Berry : rock lives! / Norman Jopling -- Little Richard : boldly going where no man had gone before. From The life and times of Little Richard : the quasar of rock / Charles White -- Elvis Presley, Sam Phillips, and Rockabilly. Sam Phillips interview / Elizabeth Kaye -- Rock &apos;n&apos; roll meets the popular press -- The Chicago defender defends rock &apos;n&apos; roll. Bias against &apos;rock &apos;n&apos; roll&apos; latest bombshell in Dixie / Rob Roy -- The music industry fight against rock &apos;n&apos; roll : Dick Clark&apos;s teen-pop empire and the payola scandal. Music biz goes round and round: it comes out Clarkola / Peter Bunzel -- Mr. Clark and colored payola / New York Age.</subfield></datafield><datafield ind1='0' ind2=' ' tag='505'><subfield code='a'>pt. 3: The 1960s -- Brill Building and the girl groups. From Will you still love me tomorrow? Girl groups from the 50s on ... / Charlotte Greig -- From surf to smile. Interview with Brian Wilson / Richard Cromelin -- Urban folk revival. Songs of the silent generation / Gene Bluestein ; Folk singing : Sibyl with guitar / Time -- Bringing it all back home : Dylan at Newport. Newport Folk Festival, 1965 / Irwin Silber -- Newport Folk Festival, 1965 / Paul Nelson -- &quot;For a man to be at ease, he must not tell al he know, nor say all he sees.&quot; Sing out! an interview with Bob Dylan / John Cohen and Happy Traum -- From R &amp; B to soul. From Rhythm and the blues : a life in American music / Jerry Wexler and David Ritz -- No town like Motown. Berry Gordy : a conversation with Mr. Motown / Harvey Kubernik -- The Godfather of soul and the beginnings of funk. From The Godfather of soul / James Brown (with Bruce Tucker) -- &quot;The blues changes from day to day.&quot; Otis Redding interview / Jim Delehant -- Aretha Franklin earns respect. Aretha Franklin : Sister Soul: eclipsed singer gains new heights&quot; / Phyl Garland -- The Beatles, the &quot;British invasion,&quot; and cultural respectability. What songs the Beatles sang ... / William Mann ; Musicologically ... / Theodore Strongin -- A Hard Day&apos;s Night and Beatlemania. Bravo Beatles! / Andrew Sarris ; Beatlemania: girls just want to have fun / Barbara Ehrenreich, Elizabeth Hess, and Gloria Jacobs -- England swings, and the Beatles evolve on Revolver and Sgt. Pepper. Pop Eye: on &apos;Revolver&apos; / Richard Goldstein -- It&apos;s getting better / Jack Kroll -- The British art school blues. Rebels with a beat / Ray Coleman -- The Stones versus the Beatles. Records : rock, etc. : the big ones / Ellen Willis -- If you&apos;re goin&apos; to San Francisco. Dead like live thunder / Ralph J. Gleason -- The kozmic blues of Janis Joplin. We look at our parents and ... / Nat Hentoff -- Jimi Hendrix and the electronic guitar. Second dimension : Jimi Hendrix in action / Bob Dawbarn -- Rock meets the avant-garde : Frank Zappa. Zappa and the Mothers : ugly can be beautiful / Sally Kempton -- The aesthetics of rock. Pop Eye: evaluating media / Richard Goldstein -- Festivals : the good, the bad, and the ugly. Review of various artists, Woodstock / J.R. Young -- Altamount, California, December 6, 1969 / George Paul Csicsery.</subfield></datafield><datafield ind1='0' ind2=' ' tag='505'><subfield code='a'>pt. 4: The 1970s. The sound of autobiography: singer-songwriters, Carole King. Carole King : &apos;You can get to know me through my music&apos; / Robert Windeler -- Exclusive Joni Mitshell interview. Joni Mitchell : an interview (part 1) / Penny Valentine -- Sly Stone : &quot;The myth of Staggerlee.&quot; From Mystery train: images of America in rock &apos;n&apos; roll music / Greil Marcus -- Not-so-&quot;Little&quot; Stevie Wonder. The formerly little Stevie Wonder / Ben Fong-Torres -- Parliament drops the bomb. George Clinton : ultimate liberator of constipated notions / W.A. Brower -- Heavy metal meets the counterculture. Review of Led Zeppelin / John Mendelsohn ; Black Sabbath don&apos;t scare nobody / Ed Kelleher -- Led Zeppelin speaks! The Crunge : Jimmy Page gives a history lesson / Dave Schulps -- &quot;I have no message whatsoever.&quot; David Bowie interview / Cameron Crone -- Rock me, Amadeus. Keith Emerson / Domenic Milano ; From Yesstories: Yes in their own words / Tim Morse -- The global phenomenon of raggae. Third-world theme of Bob Marley / Robert Hilburn -- Get on up disco. The dialectic of disco : gay music goes straight / Andrew Kopkind -- Punk : the sound of criticism? A conservative impulse in the New Rock Underground / James Wolcott -- Punk crosses the Atlantic. Rebels against the system / Caroline Coon -- Punk to new wave? The B-52s&apos; American graffiti / Stephen Holden -- UK new wave. The Elvis (Costello, that is) interview / Allan Jones.</subfield></datafield><datafield ind1='0' ind2=' ' tag='505'><subfield code='a'>pt. 5: The 1980s. Thriller begets the &quot;King of Pop.&quot; I&apos;m white! What&apos;s wrong with Michael Jackson? / Greg Tate ; Don&apos;t stop &apos;til you get enough : Bruce Swedien remembers the times with Michael Jackson / Daryl Easlea -- Madonna and the performance of identity. Venus of the radio waves / Camille Paglia -- Bruce Springsteen : reborn in the USA. Little Egypt from Asbury Park : and Bruce Springsteen don&apos;t crawl on his belly, neither / David Marsh ; The real thing : Bruce Springsteen / Simon Frith -- R &amp; B in the 1980s : to cross over or not to cross over? From The death of rhythm and blues / Nelson George -- Heavy metal thunders on! Purity and power : total, unswerving devotion to heavy metal form : Judas Priest and the Scorpions / J.D. Considine -- Metal in the late eighties : glam or thrash? Metallica / Richard Gehr -- Parents want to know : heavy metal, the PMRC, and the public debate over decency. Record labeling : hearing before the Committee on commerce, Science, and Transportation, United States Senate, 99th Congress, September 19, 1985 -- Postpunk goes Indie. What is this thing called hardcore? / Al Flipside -- Hip-hop, don&apos;t stop. B-beats bombarding Bronx: mobile dj starts something with oldie r &amp; b disks / Robert Ford Jr. ; Jive talking N.Y. djs rapping away in Black discos / Robert Ford Jr. -- &quot;The music is a mirror. Hip hop madness : from Def Jams to Cold Lampin&apos;, rap is our music / Harry Allen ; Girls ain&apos;t nothing but trouble / Carol Cooper -- Where rap and heavy metal converge. There&apos;s a new sound in pop music : bigotry / Jon Pareles.</subfield></datafield><datafield ind1='0' ind2=' ' tag='505'><subfield code='a'>pt. 6: The 1990s and beyond . Hip-hop into the 1990s : gangstas, fly girls, and the big bling-bling. Fear of a rap planet / J.D. Considine -- Nuthin&apos; but a &quot;G&quot; thang. Snoop Dogg&apos;s gentle hip hop growl / Touré -- Keeping it a little too real. Rap sheet / Sam Gideon Anso and Charles Rappleye ; Party over / Selwyn Seyfu Hinds ; Town criers / Natasha Stovall -- Women in rap. Hip-Hop Nation / Christopher John Farley -- The beat goes on. Eminem&apos;s old words aren&apos;t hip-hop&apos;s biggest problem / Renee Graham -- From Indie to alternative to ... Seattle? A Seattle slew / Dave DiMartino -- Grunge turns to scrunge. Over &amp; out : Indie rock values in the age of alternative million sellers / Eric Weisbard -- &quot;We are the world&quot;? Immigration and assimilation : Rai, Reggae, and Bhangramuffin / George Lipsitz -- Genre or gender? The resurgence of the singer-songwriter. Tori Amos : pain for sale / Robert L. Doerschuk -- Public policy and pop music history collide. Empire of the air / Jenny Toomey -- Electronica is in the house. Historia Electronica preface / Simon Reynolds -- R &amp; B divas go retro. The new conscience of pop music / Ann Powers -- Country in the post-Urban cowboy era. Garth Brooks : meet Nashville&apos;s new breed of generously stetsoned crooner / Mark Cooper ; Chicks against the machine / Charles Taylor -- Performance as simulacrum, boy bands, and other 21st-century epiphanies. Jukebox culture : how I learned to stop worrying and love the boy band / Joshua Clover ; Idol pursuits / Nina C. Ayoub -- Lady Gaga and the triumph of camp. Ladies wild : how not dumb is Gaga? / Sasha Frere-Jones -- The end of history, the mass marketing of trivia, and a world of copies without originals. The kids aren&apos;t alright ... they&apos;re amazing / Jay Babcock -- Ruled by Frankenmusic / Robert Everett-Green ; Why file-sharing will save Hollywood, music / Eliot Van Buskirk.</subfield></datafield><datafield ind1=' ' ind2=' ' tag='520'><subfield code='a'>Essays on 20th and 21st century popular music: Irving Berlin, jazz, rhythm and blues, swing, hillbilly, big band, country, rock &apos;n&apos; roll, folk, soul, funk, Beatles, Rolling Stones, Ray Charles, Jerry Wexler, Little Richard, Elvis Presley, Bob Dylan heavy metal and counterculture, reggae, disco, punk, new wave, Led Zeppelin, Michael Jackson, Madonna, Bruce Springsteen, Aretha Franklin, Janis Joplin, Jimi Hendrix, Joni Mitchell, Stevie Wonder, postpunk, hip hop, rap, indie, alternative, grunge, electronica, boy bands, Lady Gaga.</subfield></datafield><datafield ind1=' ' ind2='1' tag='264'><subfield code='a'>New York :</subfield><subfield code='b'>Oxford University Press,</subfield><subfield code='c'>[2014]</subfield></datafield><datafield ind1=' ' ind2='4' tag='264'><subfield code='c'>©2014</subfield></datafield><datafield ind1=' ' ind2=' ' tag='300'><subfield code='a'>xix, 587 pages ;</subfield><subfield code='c'>24 cm</subfield></datafield><datafield ind1=' ' ind2=' ' tag='336'><subfield code='a'>text</subfield><subfield code='b'>txt</subfield><subfield code='2'>rdacontent</subfield></datafield><datafield ind1=' ' ind2=' ' tag='337'><subfield code='a'>unmediated</subfield><subfield code='b'>n</subfield><subfield code='2'>rdamedia</subfield></datafield><datafield ind1=' ' ind2=' ' tag='338'><subfield code='a'>volume</subfield><subfield code='b'>nc</subfield><subfield code='2'>rdacarrier</subfield></datafield><datafield ind1='1' ind2='4' tag='245'><subfield code='a'>The pop, rock, and soul reader :</subfield><subfield code='b'>histories and debates /</subfield><subfield code='c'>David Brackett.</subfield></datafield><datafield ind1=' ' ind2=' ' tag='019'><subfield code='a'>859583140</subfield><subfield code='a'>884923915</subfield></datafield><datafield ind1=' ' ind2=' ' tag='040'><subfield code='a'>DLC</subfield><subfield code='b'>eng</subfield><subfield code='e'>rda</subfield><subfield code='c'>DLC</subfield><subfield code='d'>YDXCP</subfield><subfield code='d'>CLE</subfield><subfield code='d'>OCLCF</subfield><subfield code='d'>RES</subfield><subfield code='d'>COO</subfield><subfield code='d'>ZCU</subfield><subfield code='d'>DEBBG</subfield><subfield code='d'>OCLCO</subfield><subfield code='d'>CDX</subfield><subfield code='d'>XBM</subfield><subfield code='d'>NGU</subfield><subfield code='d'>IBI</subfield><subfield code='d'>NGRPY</subfield><subfield code='d'>LTSCA</subfield><subfield code='d'>OCLCO</subfield><subfield code='d'>CEF</subfield><subfield code='d'>UAB</subfield><subfield code='d'>FQG</subfield><subfield code='d'>OCLCQ</subfield><subfield code='d'>IEUOL</subfield><subfield code='d'>NYP</subfield></datafield><datafield ind1=' ' ind2=' ' tag='042'><subfield code='a'>pcc</subfield></datafield><datafield ind1=' ' ind2=' ' tag='043'><subfield code='a'>n-us---</subfield></datafield><datafield ind1=' ' ind2=' ' tag='049'><subfield code='a'>NYPP</subfield></datafield><datafield ind1='0' ind2='0' tag='050'><subfield code='a'>ML3477</subfield><subfield code='b'>.B68 2014</subfield></datafield><datafield ind1='0' ind2='0' tag='082'><subfield code='a'>781.6409</subfield><subfield code='2'>23</subfield></datafield><datafield ind1=' ' ind2=' ' tag='084'><subfield code='a'>9,2</subfield><subfield code='2'>ssgn</subfield></datafield><datafield ind1=' ' ind2=' ' tag='901'><subfield code='a'>MARS</subfield></datafield><datafield ind1='0' ind2='0' tag='908'><subfield code='a'>ML3477</subfield><subfield code='b'>.B68 2014</subfield></datafield><datafield ind1=' ' ind2=' ' tag='901'><subfield code='a'>tas</subfield><subfield code='b'>CATRL</subfield></datafield><datafield ind1=' ' ind2=' ' tag='945'><subfield code='a'>.b218097372</subfield></datafield><datafield ind1=' ' ind2=' ' tag='946'><subfield code='a'>m</subfield></datafield><datafield ind1=' ' ind2=' ' tag='910'><subfield code='a'>RL</subfield></datafield><datafield ind1='0' ind2='0' tag='907'><subfield code='a'>.b218097372</subfield></datafield><datafield ind1=' ' ind2=' ' tag='035'><subfield code='a'>(OCoLC)849510178</subfield></datafield><datafield ind1='8' ind2=' ' tag='852'><subfield code='h'>JNE 14-82</subfield><subfield code='0'>15846193</subfield><subfield code='b'>scsbnypl</subfield></datafield><datafield ind1=' ' ind2=' ' tag='876'><subfield code='0'>15846193</subfield><subfield code='a'>22506489</subfield><subfield code='j'>Available</subfield><subfield code='p'>33433128919606</subfield><subfield code='t'>1</subfield><subfield code='x'>Shared</subfield><subfield code='z'>NA</subfield><subfield code='l'>RECAP</subfield></datafield></record>