
<record><leader>00000cam  2200409 i 4500</leader><controlfield tag='001'>SCSB-14418375</controlfield><controlfield tag='003'>Fr-PaAMA</controlfield><controlfield tag='005'>20230127151520.0</controlfield><controlfield tag='008'>210423t20212021fr a     bk   000 0bfre dcam i </controlfield><controlfield tag='009'>.b229632051</controlfield><datafield ind1='1' ind2=' ' tag='100'><subfield code='a'>Adrian, Frédéric,</subfield><subfield code='e'>author.</subfield></datafield><datafield ind1='1' ind2='0' tag='600'><subfield code='a'>Simone, Nina,</subfield><subfield code='d'>1933-2003.</subfield></datafield><datafield ind1=' ' ind2='0' tag='650'><subfield code='a'>Singers</subfield><subfield code='z'>United States</subfield><subfield code='v'>Biography.</subfield></datafield><datafield ind1=' ' ind2='0' tag='650'><subfield code='a'>Women singers</subfield><subfield code='z'>United States</subfield><subfield code='v'>Biography.</subfield></datafield><datafield ind1=' ' ind2='0' tag='650'><subfield code='a'>African American singers</subfield><subfield code='v'>Biography.</subfield></datafield><datafield ind1=' ' ind2='0' tag='650'><subfield code='a'>Pianists</subfield><subfield code='z'>United States</subfield><subfield code='v'>Biography.</subfield></datafield><datafield ind1=' ' ind2='0' tag='650'><subfield code='a'>Women pianists</subfield><subfield code='z'>United States</subfield><subfield code='v'>Biography.</subfield></datafield><datafield ind1=' ' ind2=' ' tag='020'><subfield code='a'>9782361398699</subfield><subfield code='q'>(paperback)</subfield><subfield code='c'>20,00 EUR</subfield></datafield><datafield ind1=' ' ind2=' ' tag='504'><subfield code='a'>Includes bibliographical references (pages 236-238) and discography.</subfield></datafield><datafield ind1=' ' ind2=' ' tag='520'><subfield code='a'>&quot;La vie de Nina Simone se déroule comme un roman, de sa jeunesse américaine dans le Sud ségrégationniste à ses dernières années passées en France. Enfant prodige blessée par le racisme, elle fait ses débuts dans les clubs d&apos;Atlantic City avant de triompher sur les scènes du monde entier. Très tôt engagée dans la lutte pour les droits civiques, la chanteuse mêle art et militantisme, mais des problèmes personnels graves viennent entraver sa carrière et la plongent dans des années de galère. En 1987, elle reconquiert de nouveau les sommets grâce au succès inattendu de &quot;My Baby Just Cares For Me&quot;, trente ans après sa sortie. Reposant sur une recherche approfondie dans des archives de presse afin de suivre au plus près les événements de sa vie, Nina Simone met en lumière le parcours d&apos;une artiste tardivement reconnue comme la créatrice majeure qu&apos;elle a été, et son influence qui dépasse le cadre de la musique.&quot;--Page 4 of cover.</subfield></datafield><datafield ind1='0' ind2=' ' tag='545'><subfield code='a'>Né en 1974, Frédéric Adrian est journaliste pour la presse musicale, notamment pour le journal Soul Bag dont il a été le directeur de publication. Depuis 2013, il s&apos;est également consacré à l&apos;écriture des biographies de Marvin Gaye, Otis Redding, Stevie Wonder et Ray Charles, publiées au Castor Astral.</subfield></datafield><datafield ind1=' ' ind2='1' tag='264'><subfield code='a'>Marseille :</subfield><subfield code='b'>Le Mot et le reste,</subfield><subfield code='c'>2021.</subfield></datafield><datafield ind1=' ' ind2='4' tag='264'><subfield code='c'>©2021</subfield></datafield><datafield ind1=' ' ind2=' ' tag='300'><subfield code='a'>239 pages :</subfield><subfield code='b'>illustrations ;</subfield><subfield code='c'>21 cm</subfield></datafield><datafield ind1=' ' ind2=' ' tag='336'><subfield code='a'>text</subfield><subfield code='b'>txt</subfield><subfield code='2'>rdacontent</subfield></datafield><datafield ind1=' ' ind2=' ' tag='337'><subfield code='a'>unmediated</subfield><subfield code='b'>n</subfield><subfield code='2'>rdamedia</subfield></datafield><datafield ind1=' ' ind2=' ' tag='338'><subfield code='a'>volume</subfield><subfield code='b'>nc</subfield><subfield code='2'>rdacarrier</subfield></datafield><datafield ind1='1' ind2='0' tag='245'><subfield code='a'>Nina Simone /</subfield><subfield code='c'>Frédéric Adrian.</subfield></datafield><datafield ind1=' ' ind2=' ' tag='040'><subfield code='a'>Fr-PaAMA</subfield><subfield code='b'>eng</subfield><subfield code='e'>rda</subfield></datafield><datafield ind1=' ' ind2=' ' tag='043'><subfield code='a'>n-us---</subfield></datafield><datafield ind1=' ' ind2='4' tag='050'><subfield code='a'>ML420.S5635</subfield><subfield code='b'>A73 2021</subfield></datafield><datafield ind1=' ' ind2=' ' tag='901'><subfield code='a'>sgr</subfield><subfield code='b'>CATRL</subfield></datafield><datafield ind1='1' ind2='4' tag='082'><subfield code='a'>782</subfield><subfield code='a'>920</subfield></datafield><datafield ind1=' ' ind2='4' tag='908'><subfield code='a'>ML420.S5635</subfield><subfield code='b'>A73 2021</subfield></datafield><datafield ind1=' ' ind2=' ' tag='901'><subfield code='a'>AUXAM</subfield></datafield><datafield ind1=' ' ind2=' ' tag='910'><subfield code='a'>RL</subfield></datafield><datafield ind1=' ' ind2=' ' tag='960'><subfield code='s'>2885</subfield><subfield code='t'>MYM</subfield><subfield code='u'>41901APPRV</subfield></datafield><datafield ind1='0' ind2='0' tag='907'><subfield code='a'>.b229632051</subfield></datafield><datafield ind1=' ' ind2=' ' tag='035'><subfield code='a'>(OCoLC)1293300068</subfield></datafield><datafield ind1='8' ind2=' ' tag='852'><subfield code='h'>ReCAP 23-1470</subfield><subfield code='0'>15381160</subfield><subfield code='b'>scsbnypl</subfield></datafield><datafield ind1=' ' ind2=' ' tag='876'><subfield code='0'>15381160</subfield><subfield code='a'>21935664</subfield><subfield code='j'>Available</subfield><subfield code='p'>33433135320954</subfield><subfield code='t'>1</subfield><subfield code='x'>Shared</subfield><subfield code='z'>NA</subfield><subfield code='l'>RECAP</subfield></datafield></record>