
<record><leader>00000cam  22003734a 4500</leader><controlfield tag='001'>SCSB-14462082</controlfield><controlfield tag='003'>OCoLC</controlfield><controlfield tag='005'>20070118105517.0</controlfield><controlfield tag='008'>051003s2005    fr a          000 0bfre  cam4a </controlfield><controlfield tag='009'>.b163462835</controlfield><datafield ind1='1' ind2=' ' tag='100'><subfield code='a'>Brun-Lambert, David.</subfield></datafield><datafield ind1=' ' ind2=' ' tag='653'><subfield code='a'>Musicology</subfield><subfield code='a'>US Jazz Singer</subfield><subfield code='a'>Biography</subfield></datafield><datafield ind1='1' ind2='0' tag='600'><subfield code='a'>Simone, Nina,</subfield><subfield code='d'>1933-2003.</subfield></datafield><datafield ind1=' ' ind2='0' tag='650'><subfield code='a'>Singers</subfield><subfield code='v'>Biography.</subfield></datafield><datafield ind1=' ' ind2=' ' tag='020'><subfield code='a'>2080686933</subfield></datafield><datafield ind1=' ' ind2=' ' tag='020'><subfield code='a'>9782080686930</subfield></datafield><datafield ind1=' ' ind2=' ' tag='010'><subfield code='a'>2006369023</subfield></datafield><datafield ind1=' ' ind2=' ' tag='546'><subfield code='a'>Includes bibliographical references.</subfield></datafield><datafield ind1=' ' ind2=' ' tag='260'><subfield code='a'>Paris :</subfield><subfield code='b'>Flammarion,</subfield><subfield code='c'>c2005.</subfield></datafield><datafield ind1=' ' ind2=' ' tag='300'><subfield code='a'>371 p. :</subfield><subfield code='b'>ill. ;</subfield><subfield code='c'>24 cm.</subfield></datafield><datafield ind1='1' ind2='0' tag='245'><subfield code='a'>Nina Simone :</subfield><subfield code='b'>une vie /</subfield><subfield code='c'>David Brun-Lambert.</subfield></datafield><datafield ind1=' ' ind2=' ' tag='040'><subfield code='a'>DLC</subfield><subfield code='c'>DLC</subfield><subfield code='d'>TZT</subfield><subfield code='d'>AUXAM</subfield><subfield code='d'>UBY</subfield><subfield code='d'>OCLCQ</subfield><subfield code='d'>NYP</subfield><subfield code='d'>UtOrBLW</subfield></datafield><datafield ind1=' ' ind2=' ' tag='042'><subfield code='a'>pcc</subfield></datafield><datafield ind1=' ' ind2=' ' tag='049'><subfield code='a'>NYPP</subfield></datafield><datafield ind1='0' ind2='0' tag='050'><subfield code='a'>ML420.S5635</subfield><subfield code='b'>B7 2005</subfield></datafield><datafield ind1='0' ind2='0' tag='908'><subfield code='a'>ML420.S5635</subfield><subfield code='b'>B7 2005</subfield></datafield><datafield ind1=' ' ind2='7' tag='072'><subfield code='a'>ML</subfield><subfield code='2'>lcco</subfield></datafield><datafield ind1='0' ind2='0' tag='082'><subfield code='a'>782.42164092</subfield><subfield code='a'>B</subfield><subfield code='2'>22</subfield></datafield><datafield ind1='1' ind2='4' tag='082'><subfield code='a'>780</subfield><subfield code='2'>1</subfield></datafield><datafield ind1=' ' ind2=' ' tag='901'><subfield code='b'>pm</subfield><subfield code='c'>cft/mll</subfield></datafield><datafield ind1=' ' ind2=' ' tag='946'><subfield code='a'>m</subfield></datafield><datafield ind1=' ' ind2=' ' tag='997'><subfield code='a'>pm</subfield><subfield code='b'>01-18-07</subfield><subfield code='c'>m</subfield><subfield code='d'>a</subfield><subfield code='e'>-</subfield><subfield code='f'>fre</subfield><subfield code='g'>fr</subfield><subfield code='h'>0</subfield></datafield><datafield ind1=' ' ind2=' ' tag='910'><subfield code='a'>RL</subfield></datafield><datafield ind1='0' ind2='0' tag='907'><subfield code='a'>.b163462835</subfield></datafield><datafield ind1=' ' ind2=' ' tag='035'><subfield code='a'>(OCoLC)61868460</subfield></datafield><datafield ind1='8' ind2=' ' tag='852'><subfield code='h'>JMF 07-183</subfield><subfield code='0'>15431367</subfield><subfield code='b'>scsbnypl</subfield></datafield><datafield ind1=' ' ind2=' ' tag='876'><subfield code='0'>15431367</subfield><subfield code='a'>21999230</subfield><subfield code='j'>Available</subfield><subfield code='p'>33433073736245</subfield><subfield code='t'>1</subfield><subfield code='x'>Shared</subfield><subfield code='z'>NA</subfield><subfield code='l'>RECAP</subfield></datafield></record>