
<record><leader>00000cam  2200409 i 4500</leader><controlfield tag='001'>SCSB-14675637</controlfield><controlfield tag='003'>Fr-PaAMA</controlfield><controlfield tag='005'>20231118151653.0</controlfield><controlfield tag='008'>230830t20232023fr a     b    000 0bfre dcam i </controlfield><controlfield tag='009'>.b231971989</controlfield><datafield ind1='1' ind2=' ' tag='100'><subfield code='a'>Rouzeau, Valérie,</subfield><subfield code='e'>author.</subfield></datafield><datafield ind1='1' ind2=' ' tag='700'><subfield code='a'>Chopin, Florent,</subfield><subfield code='e'>illustrator.</subfield></datafield><datafield ind1='1' ind2='0' tag='600'><subfield code='a'>Simone, Nina,</subfield><subfield code='d'>1933-2003.</subfield></datafield><datafield ind1=' ' ind2='0' tag='650'><subfield code='a'>Singers</subfield><subfield code='z'>United States</subfield><subfield code='v'>Biography.</subfield></datafield><datafield ind1=' ' ind2='0' tag='650'><subfield code='a'>African American singers</subfield><subfield code='v'>Biography.</subfield></datafield><datafield ind1=' ' ind2='0' tag='650'><subfield code='a'>African American women singers</subfield><subfield code='v'>Biography.</subfield></datafield><datafield ind1=' ' ind2='0' tag='650'><subfield code='a'>Pianists</subfield><subfield code='z'>United States</subfield><subfield code='v'>Biography.</subfield></datafield><datafield ind1=' ' ind2='0' tag='650'><subfield code='a'>Women pianists</subfield><subfield code='z'>United States</subfield><subfield code='v'>Biography.</subfield></datafield><datafield ind1=' ' ind2=' ' tag='020'><subfield code='a'>9791094642702</subfield><subfield code='q'>(paperback)</subfield><subfield code='c'>13,00 EUR</subfield></datafield><datafield ind1=' ' ind2=' ' tag='504'><subfield code='a'>Includes bibliographical references (page 61).</subfield></datafield><datafield ind1=' ' ind2='1' tag='264'><subfield code='a'>[Paris] :</subfield><subfield code='b'>Cité de la musique-Philharmonie de Paris,</subfield><subfield code='c'>[2023]</subfield></datafield><datafield ind1=' ' ind2='4' tag='264'><subfield code='c'>©2023</subfield></datafield><datafield ind1=' ' ind2=' ' tag='300'><subfield code='a'>63 pages :</subfield><subfield code='b'>illustrations ;</subfield><subfield code='c'>20 cm.</subfield></datafield><datafield ind1=' ' ind2=' ' tag='336'><subfield code='a'>text</subfield><subfield code='b'>txt</subfield><subfield code='2'>rdacontent</subfield></datafield><datafield ind1=' ' ind2=' ' tag='337'><subfield code='a'>unmediated</subfield><subfield code='b'>n</subfield><subfield code='2'>rdamedia</subfield></datafield><datafield ind1=' ' ind2=' ' tag='338'><subfield code='a'>volume</subfield><subfield code='b'>nc</subfield><subfield code='2'>rdacarrier</subfield></datafield><datafield ind1='0' ind2=' ' tag='490'><subfield code='a'>Supersoniques,</subfield><subfield code='x'>2822-7255 ;</subfield><subfield code='v'>9</subfield></datafield><datafield ind1='1' ind2='0' tag='245'><subfield code='a'>Nina Simone :</subfield><subfield code='b'>racontée /</subfield><subfield code='c'>par Valérie Rouzeau ; &amp; Florent Chopin.</subfield></datafield><datafield ind1=' ' ind2=' ' tag='040'><subfield code='a'>Fr-PaAMA</subfield><subfield code='b'>eng</subfield><subfield code='e'>rda</subfield></datafield><datafield ind1=' ' ind2=' ' tag='043'><subfield code='a'>n-us---</subfield></datafield><datafield ind1=' ' ind2='4' tag='050'><subfield code='a'>ML420.S5635</subfield><subfield code='b'>R68 2023</subfield></datafield><datafield ind1=' ' ind2=' ' tag='901'><subfield code='a'>sgr</subfield><subfield code='b'>CATRL</subfield></datafield><datafield ind1='1' ind2='4' tag='082'><subfield code='a'>781</subfield><subfield code='a'>920</subfield></datafield><datafield ind1=' ' ind2='4' tag='908'><subfield code='a'>ML420.S5635</subfield><subfield code='b'>R68 2023</subfield></datafield><datafield ind1=' ' ind2=' ' tag='901'><subfield code='a'>AUXAM</subfield></datafield><datafield ind1=' ' ind2=' ' tag='910'><subfield code='a'>RL</subfield></datafield><datafield ind1=' ' ind2=' ' tag='960'><subfield code='s'>2045</subfield><subfield code='t'>PAM</subfield><subfield code='u'>41901APPRV</subfield></datafield><datafield ind1='0' ind2='0' tag='907'><subfield code='a'>.b231971989</subfield></datafield><datafield ind1=' ' ind2=' ' tag='035'><subfield code='a'>(OCoLC)1402745951</subfield></datafield><datafield ind1='8' ind2=' ' tag='852'><subfield code='h'>ReCAP 23-10920</subfield><subfield code='0'>15678456</subfield><subfield code='b'>scsbnypl</subfield></datafield><datafield ind1=' ' ind2=' ' tag='876'><subfield code='0'>15678456</subfield><subfield code='a'>22301821</subfield><subfield code='j'>Available</subfield><subfield code='p'>33433135539769</subfield><subfield code='t'>1</subfield><subfield code='x'>Shared</subfield><subfield code='z'>NA</subfield><subfield code='l'>RECAP</subfield></datafield></record>