
<record><leader>00000cam  2200421 i 4500</leader><controlfield tag='001'>SCSB-9500708</controlfield><controlfield tag='003'>Fr-PaAMA</controlfield><controlfield tag='005'>20190528.0</controlfield><controlfield tag='008'>190528t20192019fr ah    b    000 0bfre dcam i </controlfield><controlfield tag='009'>.b218994540</controlfield><datafield ind1='1' ind2=' ' tag='100'><subfield code='a'>Hirsch, Mathilde,</subfield><subfield code='e'>author.</subfield></datafield><datafield ind1='1' ind2=' ' tag='700'><subfield code='a'>Noiville, Florence,</subfield><subfield code='e'>author.</subfield></datafield><datafield ind1='1' ind2='0' tag='600'><subfield code='a'>Simone, Nina,</subfield><subfield code='d'>1933-2003.</subfield></datafield><datafield ind1=' ' ind2='0' tag='650'><subfield code='a'>Women singers</subfield><subfield code='z'>United States</subfield><subfield code='v'>Biography.</subfield></datafield><datafield ind1=' ' ind2='0' tag='650'><subfield code='a'>Singers</subfield><subfield code='z'>United States</subfield><subfield code='v'>Biography.</subfield></datafield><datafield ind1=' ' ind2='0' tag='650'><subfield code='a'>Women pianists</subfield><subfield code='z'>United States</subfield><subfield code='v'>Biography.</subfield></datafield><datafield ind1=' ' ind2='0' tag='650'><subfield code='a'>Pianists</subfield><subfield code='z'>United States</subfield><subfield code='v'>Biography.</subfield></datafield><datafield ind1=' ' ind2=' ' tag='020'><subfield code='a'>9791021029101</subfield><subfield code='q'>(paperback) :</subfield><subfield code='c'>20,90 EUR</subfield></datafield><datafield ind1=' ' ind2=' ' tag='504'><subfield code='a'>Includes bibliographical references (pages 325-327).</subfield></datafield><datafield ind1='0' ind2='0' tag='505'><subfield code='t'>Prologue. Help --</subfield><subfield code='t'>Eunice --</subfield><subfield code='t'>Une blanche égale deux noires --</subfield><subfield code='t'>Le choix d&apos;Eunice --</subfield><subfield code='t'>Refused --</subfield><subfield code='t'>La musique du diable --</subfield><subfield code='t'>&quot;The ONE and ONLY Nina Simone&quot; --</subfield><subfield code='t'>Association de malfaiteurs --</subfield><subfield code='t'>Carnegie Hall --</subfield><subfield code='t'>Une bouffée de fureur --</subfield><subfield code='t'>Sur un fil --</subfield><subfield code='t'>&quot;Je ne suis pas non violente&quot; --</subfield><subfield code='t'>Partir --</subfield><subfield code='t'>L&apos;Afrique ou rentrer à la maison --</subfield><subfield code='t'>Nouveaux départs - --</subfield><subfield code='t'>Nina Simone, le grand retour --</subfield><subfield code='t'>Folie douce en Provence --</subfield><subfield code='t'>Délivrances.</subfield></datafield><datafield ind1=' ' ind2='1' tag='264'><subfield code='a'>Paris :</subfield><subfield code='b'>Tallandier,</subfield><subfield code='c'>[2019]</subfield></datafield><datafield ind1=' ' ind2='4' tag='264'><subfield code='c'>2019</subfield></datafield><datafield ind1=' ' ind2=' ' tag='300'><subfield code='a'>333 pages :</subfield><subfield code='b'>illustrations, facsimiles ;</subfield><subfield code='c'>22 cm</subfield></datafield><datafield ind1=' ' ind2=' ' tag='336'><subfield code='a'>text</subfield><subfield code='b'>txt</subfield><subfield code='2'>rdacontent</subfield></datafield><datafield ind1=' ' ind2=' ' tag='337'><subfield code='a'>unmediated</subfield><subfield code='b'>n</subfield><subfield code='2'>rdamedia</subfield></datafield><datafield ind1=' ' ind2=' ' tag='338'><subfield code='a'>volume</subfield><subfield code='b'>nc</subfield><subfield code='2'>rdacarrier</subfield></datafield><datafield ind1='1' ind2='0' tag='245'><subfield code='a'>Nina Simone :</subfield><subfield code='b'>love me or leave me /</subfield><subfield code='c'>Mathilde Hirsch, Florence Noiville.</subfield></datafield><datafield ind1=' ' ind2=' ' tag='040'><subfield code='a'>Fr-PaAMA</subfield><subfield code='b'>eng</subfield><subfield code='e'>rda</subfield></datafield><datafield ind1=' ' ind2=' ' tag='043'><subfield code='a'>n-us---</subfield></datafield><datafield ind1=' ' ind2='4' tag='050'><subfield code='a'>ML420.S5635</subfield><subfield code='b'>H57 2019</subfield></datafield><datafield ind1=' ' ind2=' ' tag='901'><subfield code='a'>sgr</subfield><subfield code='b'>CATRL</subfield></datafield><datafield ind1=' ' ind2='4' tag='908'><subfield code='a'>ML420.S5635</subfield><subfield code='b'>H57 2019</subfield></datafield><datafield ind1=' ' ind2=' ' tag='901'><subfield code='a'>AUXAM</subfield></datafield><datafield ind1=' ' ind2=' ' tag='910'><subfield code='a'>RL</subfield></datafield><datafield ind1='0' ind2='0' tag='907'><subfield code='a'>.b218994540</subfield></datafield><datafield ind1=' ' ind2=' ' tag='035'><subfield code='a'>(OCoLC)1102647033</subfield></datafield><datafield ind1='8' ind2=' ' tag='852'><subfield code='h'>ReCAP 19-23273</subfield><subfield code='0'>10063770</subfield><subfield code='b'>scsbnypl</subfield></datafield><datafield ind1=' ' ind2=' ' tag='876'><subfield code='0'>10063770</subfield><subfield code='a'>15772059</subfield><subfield code='j'>Available</subfield><subfield code='p'>33433128390576</subfield><subfield code='t'>1</subfield><subfield code='x'>Shared</subfield><subfield code='z'>NA</subfield><subfield code='l'>RECAP</subfield></datafield></record>