
<record><leader>00000nam  2200433 i 4500</leader><controlfield tag='001'>SCSB-8401004</controlfield><controlfield tag='003'>ItFiC</controlfield><controlfield tag='005'>20170202095820.0</controlfield><controlfield tag='008'>170123e201611  it       bkq  000 0bita dnam i </controlfield><controlfield tag='009'>.b212061562</controlfield><datafield ind1='1' ind2=' ' tag='100'><subfield code='a'>Del Savio, Gianni,</subfield><subfield code='e'>author.</subfield></datafield><datafield ind1='1' ind2='0' tag='600'><subfield code='a'>Simone, Nina,</subfield><subfield code='d'>1933-2003.</subfield></datafield><datafield ind1=' ' ind2='0' tag='650'><subfield code='a'>Women singers</subfield><subfield code='z'>United States</subfield><subfield code='v'>Biography.</subfield></datafield><datafield ind1=' ' ind2='0' tag='650'><subfield code='a'>Singers</subfield><subfield code='z'>United States</subfield><subfield code='v'>Biography.</subfield></datafield><datafield ind1=' ' ind2=' ' tag='250'><subfield code='a'>Prima edizione.</subfield></datafield><datafield ind1=' ' ind2=' ' tag='020'><subfield code='a'>9788897637684 :</subfield><subfield code='c'>12.00 EUR</subfield></datafield><datafield ind1=' ' ind2=' ' tag='504'><subfield code='a'>Includes bibliographical references (pages 133-135).</subfield></datafield><datafield ind1=' ' ind2=' ' tag='504'><subfield code='a'>Discography: pages 137-140.</subfield></datafield><datafield ind1=' ' ind2=' ' tag='504'><subfield code='a'>Filmography: page 136.</subfield></datafield><datafield ind1=' ' ind2='1' tag='264'><subfield code='a'>Milano :</subfield><subfield code='b'>Vololibero,</subfield><subfield code='c'>novembre 2016.</subfield></datafield><datafield ind1=' ' ind2=' ' tag='300'><subfield code='a'>140 pages ;</subfield><subfield code='c'>19 cm.</subfield></datafield><datafield ind1=' ' ind2=' ' tag='336'><subfield code='a'>text</subfield><subfield code='b'>txt</subfield><subfield code='2'>rdacontent</subfield></datafield><datafield ind1=' ' ind2=' ' tag='337'><subfield code='a'>unmediated</subfield><subfield code='b'>n</subfield><subfield code='2'>rdamedia</subfield></datafield><datafield ind1=' ' ind2=' ' tag='338'><subfield code='a'>volume</subfield><subfield code='b'>nc</subfield><subfield code='2'>rdacarrier</subfield></datafield><datafield ind1='0' ind2=' ' tag='490'><subfield code='a'>Soul books ;</subfield><subfield code='v'>5</subfield></datafield><datafield ind1='1' ind2='0' tag='245'><subfield code='a'>Nina Simone :</subfield><subfield code='b'>il piano, la voce e l&apos;orgoglio nero /</subfield><subfield code='c'>Gianni Del Savio ; prefazione, Massimo Oldani.</subfield></datafield><datafield ind1=' ' ind2=' ' tag='040'><subfield code='a'>ItFiC</subfield><subfield code='b'>eng</subfield><subfield code='e'>rda</subfield><subfield code='c'>ItFiC</subfield></datafield><datafield ind1=' ' ind2=' ' tag='043'><subfield code='a'>n-us---</subfield></datafield><datafield ind1='0' ind2='0' tag='050'><subfield code='a'>ML420.S5635</subfield><subfield code='b'>D45 2016</subfield></datafield><datafield ind1=' ' ind2=' ' tag='901'><subfield code='a'>CSL</subfield><subfield code='c'>it 17026717</subfield></datafield><datafield ind1='0' ind2='0' tag='908'><subfield code='a'>ML420.S5635</subfield><subfield code='b'>D45 2016</subfield></datafield><datafield ind1=' ' ind2=' ' tag='981'><subfield code='e'>12.96</subfield><subfield code='i'>13.79</subfield><subfield code='k'>USD</subfield><subfield code='u'>1.10</subfield></datafield><datafield ind1=' ' ind2=' ' tag='910'><subfield code='a'>RL</subfield></datafield><datafield ind1='0' ind2='0' tag='907'><subfield code='a'>.b212061562</subfield></datafield><datafield ind1='8' ind2=' ' tag='852'><subfield code='h'>ReCAP 17-69060</subfield><subfield code='0'>8556276</subfield><subfield code='b'>scsbnypl</subfield></datafield><datafield ind1=' ' ind2=' ' tag='876'><subfield code='0'>8556276</subfield><subfield code='a'>13945904</subfield><subfield code='j'>Available</subfield><subfield code='p'>33433119960304</subfield><subfield code='t'>1</subfield><subfield code='x'>Shared</subfield><subfield code='z'>NA</subfield><subfield code='l'>RECAP</subfield></datafield></record>