
<record><leader>00000cam  2200385 a 4500</leader><controlfield tag='001'>SCSB-14448330</controlfield><controlfield tag='003'>OCoLC</controlfield><controlfield tag='005'>20070306170550.5</controlfield><controlfield tag='008'>031125s2004    enkaf         001 0beng  cam a </controlfield><controlfield tag='009'>.b164957418</controlfield><datafield ind1='1' ind2=' ' tag='100'><subfield code='a'>Hampton, Sylvia.</subfield></datafield><datafield ind1='1' ind2=' ' tag='700'><subfield code='a'>Nathan, David,</subfield><subfield code='d'>1948-</subfield></datafield><datafield ind1='1' ind2='0' tag='600'><subfield code='a'>Simone, Nina,</subfield><subfield code='d'>1933-2003.</subfield></datafield><datafield ind1=' ' ind2='0' tag='650'><subfield code='a'>Women singers</subfield><subfield code='z'>United States</subfield><subfield code='v'>Biography.</subfield></datafield><datafield ind1=' ' ind2='0' tag='650'><subfield code='a'>Singers</subfield><subfield code='z'>United States</subfield><subfield code='v'>Biography.</subfield></datafield><datafield ind1=' ' ind2=' ' tag='020'><subfield code='a'>1860745520</subfield></datafield><datafield ind1=' ' ind2=' ' tag='020'><subfield code='a'>9781860745522</subfield></datafield><datafield ind1=' ' ind2=' ' tag='500'><subfield code='a'>Includes index.</subfield></datafield><datafield ind1=' ' ind2=' ' tag='260'><subfield code='a'>London :</subfield><subfield code='b'>Sanctuary :</subfield><subfield code='b'>Distributed by Publishers Group West,</subfield><subfield code='c'>c2004.</subfield></datafield><datafield ind1=' ' ind2=' ' tag='300'><subfield code='a'>233 p., [16] p. of plates :</subfield><subfield code='b'>ill. ;</subfield><subfield code='c'>24 cm.</subfield></datafield><datafield ind1='1' ind2='0' tag='245'><subfield code='a'>Nina Simone :</subfield><subfield code='b'>break down &amp; let it all out /</subfield><subfield code='c'>Sylvia Hampton with David Nathan ; foreword by Lisa Simone Kelly.</subfield></datafield><datafield ind1=' ' ind2=' ' tag='015'><subfield code='a'>GBA4-Z6920</subfield></datafield><datafield ind1=' ' ind2=' ' tag='040'><subfield code='a'>UKM</subfield><subfield code='c'>UKM</subfield><subfield code='d'>C#P</subfield><subfield code='d'>OCLCQ</subfield><subfield code='d'>BAKER</subfield><subfield code='d'>OCLCQ</subfield><subfield code='d'>NYP</subfield><subfield code='d'>UtOrBLW</subfield></datafield><datafield ind1=' ' ind2=' ' tag='043'><subfield code='a'>n-us---</subfield></datafield><datafield ind1=' ' ind2=' ' tag='049'><subfield code='a'>NYPP</subfield></datafield><datafield ind1=' ' ind2='4' tag='050'><subfield code='a'>ML420.S56</subfield><subfield code='b'>H3 2004</subfield></datafield><datafield ind1='0' ind2='4' tag='082'><subfield code='a'>782.42164092</subfield><subfield code='2'>21</subfield></datafield><datafield ind1=' ' ind2=' ' tag='901'><subfield code='b'>pm</subfield><subfield code='c'>cft/wlt</subfield></datafield><datafield ind1=' ' ind2='4' tag='908'><subfield code='a'>ML420.S56</subfield><subfield code='b'>H3 2004</subfield></datafield><datafield ind1=' ' ind2=' ' tag='946'><subfield code='a'>m</subfield></datafield><datafield ind1=' ' ind2=' ' tag='997'><subfield code='a'>pm</subfield><subfield code='a'>sg</subfield><subfield code='b'>03-07-07</subfield><subfield code='c'>m</subfield><subfield code='d'>a</subfield><subfield code='e'>-</subfield><subfield code='f'>eng</subfield><subfield code='g'>enk</subfield><subfield code='h'>0</subfield></datafield><datafield ind1=' ' ind2=' ' tag='910'><subfield code='a'>RL</subfield></datafield><datafield ind1='0' ind2='0' tag='907'><subfield code='a'>.b164957418</subfield></datafield><datafield ind1=' ' ind2=' ' tag='035'><subfield code='a'>(OCoLC)53962195</subfield></datafield><datafield ind1='8' ind2=' ' tag='852'><subfield code='h'>JME 07-251</subfield><subfield code='0'>15415937</subfield><subfield code='b'>scsbnypl</subfield></datafield><datafield ind1=' ' ind2=' ' tag='876'><subfield code='0'>15415937</subfield><subfield code='a'>21980748</subfield><subfield code='j'>Available</subfield><subfield code='p'>33433073807533</subfield><subfield code='t'>1</subfield><subfield code='x'>Shared</subfield><subfield code='z'>NA</subfield><subfield code='l'>RECAP</subfield></datafield></record>