
<record><leader>00000nam a2200229Mi 4500</leader><controlfield tag='001'>SCSB-10864084</controlfield><controlfield tag='005'>20160609152005.0</controlfield><controlfield tag='008'>160421s2015    sw            000 0 swe d</controlfield><controlfield tag='009'>990146683880203941</controlfield><datafield ind1=' ' ind2=' ' tag='020'><subfield code='a'>9198261010 (pbk.)</subfield></datafield><datafield ind1=' ' ind2=' ' tag='020'><subfield code='a'>9789198261011 (pbk.)</subfield></datafield><datafield ind1=' ' ind2=' ' tag='035'><subfield code='a'>(OCoLC)947022267</subfield></datafield><datafield ind1=' ' ind2=' ' tag='040'><subfield code='a'>CDX</subfield><subfield code='b'>eng</subfield><subfield code='e'>rda</subfield><subfield code='c'>CDX</subfield></datafield><datafield ind1=' ' ind2='4' tag='050'><subfield code='a'>PT9876.22.E53</subfield></datafield><datafield ind1='1' ind2=' ' tag='100'><subfield code='a'>Lekander, Nina.</subfield></datafield><datafield ind1='1' ind2='0' tag='245'><subfield code='a'>Nina och Simone :</subfield><subfield code='b'>ett feministiskt drömspel /</subfield><subfield code='c'>Nina Lekander.</subfield></datafield><datafield ind1=' ' ind2=' ' tag='260'><subfield code='a'>Sollentuna :</subfield><subfield code='b'>Constant Reader,</subfield><subfield code='c'>2015.</subfield></datafield><datafield ind1=' ' ind2=' ' tag='300'><subfield code='a'>124 pages ;</subfield><subfield code='c'>21 cm</subfield></datafield><datafield ind1=' ' ind2='7' tag='655'><subfield code='a'>Drama</subfield><subfield code='2'>fast</subfield></datafield><datafield ind1='1' ind2=' ' tag='583'><subfield code='a'>committed to retain</subfield><subfield code='c'>20181001</subfield><subfield code='d'>in perpetuity</subfield><subfield code='f'>ReCAP Shared Collection</subfield><subfield code='5'>HUL</subfield><subfield code='8'>222184211580003941</subfield></datafield><datafield ind1='0' ind2=' ' tag='852'><subfield code='c'>HD</subfield><subfield code='h'>PT9876.22.E53</subfield><subfield code='0'>11655985</subfield><subfield code='b'>scsbhl</subfield></datafield><datafield ind1=' ' ind2=' ' tag='876'><subfield code='0'>11655985</subfield><subfield code='a'>17403134</subfield><subfield code='h'> </subfield><subfield code='j'>Available</subfield><subfield code='k'>WID</subfield><subfield code='p'>32044134614403</subfield><subfield code='x'>Shared</subfield><subfield code='z'>HW</subfield><subfield code='l'>HD</subfield></datafield></record>