
<record><leader>00000cam a2204249 i 4500</leader><controlfield tag='001'>SCSB-15136254</controlfield><controlfield tag='003'>OCoLC</controlfield><controlfield tag='005'>20230420040043.0</controlfield><controlfield tag='008'>931119m19832023gw       bd   001 0cger  cam i </controlfield><controlfield tag='009'>.b139603839</controlfield><datafield ind1='1' ind2=' ' tag='700'><subfield code='a'>Meissner, Günter,</subfield><subfield code='e'>editor.</subfield></datafield><datafield ind1='1' ind2=' ' tag='700'><subfield code='a'>Beyer, Andreas,</subfield><subfield code='d'>1957-</subfield><subfield code='e'>editor.</subfield></datafield><datafield ind1='1' ind2=' ' tag='700'><subfield code='a'>Savoy, Bénédicte,</subfield><subfield code='e'>editor.</subfield></datafield><datafield ind1='1' ind2=' ' tag='700'><subfield code='a'>Tegethoff, Wolf,</subfield><subfield code='e'>editor.</subfield></datafield><datafield ind1='2' ind2=' ' tag='710'><subfield code='a'>K.G. Saur Verlag,</subfield><subfield code='e'>publisher.</subfield></datafield><datafield ind1='2' ind2=' ' tag='710'><subfield code='a'>Walter de Gruyter &amp; Co.,</subfield><subfield code='e'>publisher.</subfield></datafield><datafield ind1='2' ind2=' ' tag='710'><subfield code='a'>Comité international d&apos;histoire de l&apos;art,</subfield><subfield code='e'>host institution.</subfield></datafield><datafield ind1='2' ind2=' ' tag='710'><subfield code='a'>Deutsches Dokumentationszentrum für Kunstgeschichte,</subfield><subfield code='e'>host institution.</subfield></datafield><datafield ind1=' ' ind2='0' tag='650'><subfield code='a'>Artists</subfield><subfield code='v'>Biography</subfield><subfield code='v'>Dictionaries.</subfield></datafield><datafield ind1=' ' ind2='0' tag='650'><subfield code='a'>Artists</subfield><subfield code='v'>Dictionaries</subfield><subfield code='x'>German.</subfield></datafield><datafield ind1=' ' ind2='7' tag='655'><subfield code='a'>Biographies.</subfield><subfield code='2'>fast</subfield><subfield code='0'>(OCoLC)fst01919896</subfield></datafield><datafield ind1=' ' ind2='7' tag='655'><subfield code='a'>Dictionaries.</subfield><subfield code='2'>fast</subfield><subfield code='0'>(OCoLC)fst01423826</subfield></datafield><datafield ind1=' ' ind2='7' tag='655'><subfield code='a'>Biographies.</subfield><subfield code='2'>lcgft</subfield></datafield><datafield ind1=' ' ind2='7' tag='655'><subfield code='a'>Dictionaries.</subfield><subfield code='2'>lcgft</subfield></datafield><datafield ind1=' ' ind2='7' tag='650'><subfield code='a'>Artists.</subfield><subfield code='2'>fast</subfield><subfield code='0'>(OCoLC)fst00817559</subfield></datafield><datafield ind1=' ' ind2='7' tag='651'><subfield code='a'>Germany.</subfield><subfield code='2'>fast</subfield><subfield code='0'>(OCoLC)fst01210272</subfield></datafield><datafield ind1=' ' ind2=' ' tag='020'><subfield code='a'>359822740X</subfield><subfield code='q'>set</subfield><subfield code='q'>alk. paper</subfield></datafield><datafield ind1=' ' ind2=' ' tag='020'><subfield code='a'>9783598227400</subfield><subfield code='q'>set</subfield><subfield code='q'>alk. paper</subfield></datafield><datafield ind1=' ' ind2=' ' tag='020'><subfield code='a'>9783110231755</subfield><subfield code='q'>Bd. 70</subfield><subfield code='q'>alk. paper</subfield></datafield><datafield ind1=' ' ind2=' ' tag='020'><subfield code='a'>3110231751</subfield><subfield code='q'>Bd. 70</subfield><subfield code='q'>alk. paper</subfield></datafield><datafield ind1=' ' ind2=' ' tag='020'><subfield code='a'>9783110231762</subfield><subfield code='q'>Bd. 71</subfield><subfield code='q'>alk. paper</subfield></datafield><datafield ind1=' ' ind2=' ' tag='020'><subfield code='a'>311023176X</subfield><subfield code='q'>Bd. 71</subfield><subfield code='q'>alk. paper</subfield></datafield><datafield ind1=' ' ind2=' ' tag='020'><subfield code='a'>9783110231779</subfield><subfield code='q'>Bd. 72</subfield><subfield code='q'>alk. paper</subfield></datafield><datafield ind1=' ' ind2=' ' tag='020'><subfield code='a'>3110231778</subfield><subfield code='q'>Bd. 72</subfield><subfield code='q'>alk. paper</subfield></datafield><datafield ind1=' ' ind2=' ' tag='020'><subfield code='a'>9783110231786</subfield><subfield code='q'>Bd. 73</subfield><subfield code='q'>alk. paper</subfield></datafield><datafield ind1=' ' ind2=' ' tag='020'><subfield code='a'>3110231786</subfield><subfield code='q'>Bd. 73</subfield><subfield code='q'>alk. paper</subfield></datafield><datafield ind1=' ' ind2=' ' tag='020'><subfield code='a'>9783110231793</subfield><subfield code='q'>Bd. 74</subfield><subfield code='q'>alk. paper</subfield></datafield><datafield ind1=' ' ind2=' ' tag='020'><subfield code='a'>3110231794</subfield><subfield code='q'>Bd. 74</subfield><subfield code='q'>alk. paper</subfield></datafield><datafield ind1=' ' ind2=' ' tag='020'><subfield code='a'>9783110231809</subfield><subfield code='q'>Bd. 75</subfield><subfield code='q'>alk. paper</subfield></datafield><datafield ind1=' ' ind2=' ' tag='020'><subfield code='a'>3110231808</subfield><subfield code='q'>Bd. 75</subfield><subfield code='q'>alk. paper</subfield></datafield><datafield ind1=' ' ind2=' ' tag='020'><subfield code='a'>9783110231816</subfield><subfield code='q'>Bd. 76</subfield><subfield code='q'>alk. paper</subfield></datafield><datafield ind1=' ' ind2=' ' tag='020'><subfield code='a'>3110231816</subfield><subfield code='q'>Bd. 76</subfield><subfield code='q'>alk. paper</subfield></datafield><datafield ind1=' ' ind2=' ' tag='020'><subfield code='a'>9783110231823</subfield><subfield code='q'>Bd. 77</subfield><subfield code='q'>alk. paper</subfield></datafield><datafield ind1=' ' ind2=' ' tag='020'><subfield code='a'>3110231824</subfield><subfield code='q'>Bd. 77</subfield><subfield code='q'>alk. paper</subfield></datafield><datafield ind1=' ' ind2=' ' tag='020'><subfield code='a'>9783110231830</subfield><subfield code='q'>Bd. 78</subfield><subfield code='q'>alk. paper</subfield></datafield><datafield ind1=' ' ind2=' ' tag='020'><subfield code='a'>3110231832</subfield><subfield code='q'>Bd. 78</subfield><subfield code='q'>alk. paper</subfield></datafield><datafield ind1=' ' ind2=' ' tag='020'><subfield code='a'>9783110231847</subfield><subfield code='q'>Bd. 79</subfield><subfield code='q'>alk. paper</subfield></datafield><datafield ind1=' ' ind2=' ' tag='020'><subfield code='a'>3110231840</subfield><subfield code='q'>Bd. 79</subfield><subfield code='q'>alk. paper</subfield></datafield><datafield ind1=' ' ind2=' ' tag='020'><subfield code='a'>9783110231854</subfield><subfield code='q'>Bd. 80</subfield><subfield code='q'>alk. paper</subfield></datafield><datafield ind1=' ' ind2=' ' tag='020'><subfield code='a'>3110231859</subfield><subfield code='q'>Bd. 80</subfield><subfield code='q'>alk. paper</subfield></datafield><datafield ind1=' ' ind2=' ' tag='020'><subfield code='a'>9783110304282</subfield><subfield code='q'>Index to Bd. 71-80, pt. 1</subfield><subfield code='q'>alk. paper</subfield></datafield><datafield ind1=' ' ind2=' ' tag='020'><subfield code='a'>3110304287</subfield><subfield code='q'>Index to Bd. 71-80, pt. 1</subfield><subfield code='q'>alk. paper</subfield></datafield><datafield ind1=' ' ind2=' ' tag='020'><subfield code='a'>9783110304374</subfield><subfield code='q'>Index to Bd. 71-80, pt. 2</subfield><subfield code='q'>alk. paper</subfield></datafield><datafield ind1=' ' ind2=' ' tag='020'><subfield code='a'>3110304376</subfield><subfield code='q'>Index to Bd. 71-80, pt. 2</subfield><subfield code='q'>alk. paper</subfield></datafield><datafield ind1=' ' ind2=' ' tag='020'><subfield code='a'>9783110231861</subfield><subfield code='q'>Bd. 81</subfield><subfield code='q'>alk. paper</subfield></datafield><datafield ind1=' ' ind2=' ' tag='020'><subfield code='a'>3110231867</subfield><subfield code='q'>Bd. 81</subfield><subfield code='q'>alk. paper</subfield></datafield><datafield ind1=' ' ind2=' ' tag='020'><subfield code='a'>9783110231878</subfield><subfield code='q'>Bd. 82</subfield><subfield code='q'>alk. paper</subfield></datafield><datafield ind1=' ' ind2=' ' tag='020'><subfield code='a'>3110231875</subfield><subfield code='q'>Bd. 82</subfield><subfield code='q'>alk. paper</subfield></datafield><datafield ind1=' ' ind2=' ' tag='020'><subfield code='a'>9783110231885</subfield><subfield code='q'>Bd. 83</subfield><subfield code='q'>alk. paper</subfield></datafield><datafield ind1=' ' ind2=' ' tag='020'><subfield code='a'>3110231883</subfield><subfield code='q'>Bd. 83</subfield><subfield code='q'>alk. paper</subfield></datafield><datafield ind1=' ' ind2=' ' tag='020'><subfield code='a'>9783110231892</subfield><subfield code='q'>Bd. 84</subfield><subfield code='q'>alk. paper</subfield></datafield><datafield ind1=' ' ind2=' ' tag='020'><subfield code='a'>3110231891</subfield><subfield code='q'>Bd. 84</subfield><subfield code='q'>alk. paper</subfield></datafield><datafield ind1=' ' ind2=' ' tag='020'><subfield code='a'>9783110231908</subfield><subfield code='q'>Bd. 85</subfield><subfield code='q'>alk. paper</subfield></datafield><datafield ind1=' ' ind2=' ' tag='020'><subfield code='a'>3110231905</subfield><subfield code='q'>Bd. 85</subfield><subfield code='q'>alk. paper</subfield></datafield><datafield ind1=' ' ind2=' ' tag='020'><subfield code='a'>9783110254433</subfield><subfield code='q'>Nachtrag, Bd. 5</subfield><subfield code='q'>alk. paper</subfield></datafield><datafield ind1=' ' ind2=' ' tag='020'><subfield code='a'>3110254433</subfield><subfield code='q'>Nachtrag, Bd. 5</subfield><subfield code='q'>alk. paper</subfield></datafield><datafield ind1=' ' ind2=' ' tag='020'><subfield code='a'>9783110232523</subfield><subfield code='q'>Bd. 86</subfield><subfield code='q'>alk. paper</subfield></datafield><datafield ind1=' ' ind2=' ' tag='020'><subfield code='a'>3110232529</subfield><subfield code='q'>Bd. 86</subfield><subfield code='q'>alk. paper</subfield></datafield><datafield ind1=' ' ind2=' ' tag='020'><subfield code='a'>9783110232530</subfield><subfield code='q'>Bd. 87</subfield><subfield code='q'>alk. paper</subfield></datafield><datafield ind1=' ' ind2=' ' tag='020'><subfield code='a'>3110232537</subfield><subfield code='q'>Bd. 87</subfield><subfield code='q'>alk. paper</subfield></datafield><datafield ind1=' ' ind2=' ' tag='020'><subfield code='a'>9783110232547</subfield><subfield code='q'>Bd. 88</subfield><subfield code='q'>alk. paper</subfield></datafield><datafield ind1=' ' ind2=' ' tag='020'><subfield code='a'>3110232545</subfield><subfield code='q'>Bd. 88</subfield><subfield code='q'>alk. paper</subfield></datafield><datafield ind1=' ' ind2=' ' tag='020'><subfield code='a'>9783110232554</subfield><subfield code='q'>Bd. 89</subfield><subfield code='q'>alk. paper</subfield></datafield><datafield ind1=' ' ind2=' ' tag='020'><subfield code='a'>3110232553</subfield><subfield code='q'>Bd. 89</subfield><subfield code='q'>alk. paper</subfield></datafield><datafield ind1=' ' ind2=' ' tag='020'><subfield code='a'>9783110232561</subfield><subfield code='q'>Bd. 90</subfield><subfield code='q'>alk. paper</subfield></datafield><datafield ind1=' ' ind2=' ' tag='020'><subfield code='a'>3110232561</subfield><subfield code='q'>Bd. 90</subfield><subfield code='q'>alk. paper</subfield></datafield><datafield ind1=' ' ind2=' ' tag='020'><subfield code='a'>9783110454260</subfield><subfield code='q'>Index to Bd. 81-90, pt. 1</subfield><subfield code='q'>alk. paper</subfield></datafield><datafield ind1=' ' ind2=' ' tag='020'><subfield code='a'>3110454262</subfield><subfield code='q'>Index to Bd. 81-90, pt. 1</subfield><subfield code='q'>alk. paper</subfield></datafield><datafield ind1=' ' ind2=' ' tag='020'><subfield code='a'>9783110454253</subfield><subfield code='q'>Index to Bd. 81-90, pt. 2</subfield><subfield code='q'>alk. paper</subfield></datafield><datafield ind1=' ' ind2=' ' tag='020'><subfield code='a'>3110454254</subfield><subfield code='q'>Index to Bd. 81-90, pt. 2</subfield><subfield code='q'>alk. paper</subfield></datafield><datafield ind1=' ' ind2=' ' tag='020'><subfield code='a'>9783110232578</subfield><subfield code='q'>Bd. 91</subfield><subfield code='q'>alk. paper</subfield></datafield><datafield ind1=' ' ind2=' ' tag='020'><subfield code='a'>311023257X</subfield><subfield code='q'>Bd. 91</subfield><subfield code='q'>alk. paper</subfield></datafield><datafield ind1=' ' ind2=' ' tag='020'><subfield code='a'>9783110232585</subfield><subfield code='q'>Bd. 92</subfield><subfield code='q'>alk. paper</subfield></datafield><datafield ind1=' ' ind2=' ' tag='020'><subfield code='a'>3110232588</subfield><subfield code='q'>Bd. 92</subfield><subfield code='q'>alk. paper</subfield></datafield><datafield ind1=' ' ind2=' ' tag='020'><subfield code='a'>9783110232592</subfield><subfield code='q'>Bd. 93</subfield><subfield code='q'>alk. paper</subfield></datafield><datafield ind1=' ' ind2=' ' tag='020'><subfield code='a'>3110232596</subfield><subfield code='q'>Bd. 93</subfield><subfield code='q'>alk. paper</subfield></datafield><datafield ind1=' ' ind2=' ' tag='020'><subfield code='a'>9783110232608</subfield><subfield code='q'>Bd. 94</subfield><subfield code='q'>alk. paper</subfield></datafield><datafield ind1=' ' ind2=' ' tag='020'><subfield code='a'>311023260X</subfield><subfield code='q'>Bd. 94</subfield><subfield code='q'>alk. paper</subfield></datafield><datafield ind1=' ' ind2=' ' tag='020'><subfield code='a'>9783110232615</subfield><subfield code='q'>Bd. 95</subfield><subfield code='q'>alk. paper</subfield></datafield><datafield ind1=' ' ind2=' ' tag='020'><subfield code='a'>3110232618</subfield><subfield code='q'>Bd. 95</subfield><subfield code='q'>alk. paper</subfield></datafield><datafield ind1=' ' ind2=' ' tag='020'><subfield code='a'>9783110232622</subfield><subfield code='q'>Bd. 96</subfield><subfield code='q'>alk. paper</subfield></datafield><datafield ind1=' ' ind2=' ' tag='020'><subfield code='a'>3110232626</subfield><subfield code='q'>Bd. 96</subfield><subfield code='q'>alk. paper</subfield></datafield><datafield ind1=' ' ind2=' ' tag='020'><subfield code='a'>9783110232639</subfield><subfield code='q'>Bd. 97</subfield><subfield code='q'>alk. paper</subfield></datafield><datafield ind1=' ' ind2=' ' tag='020'><subfield code='a'>3110232634</subfield><subfield code='q'>Bd. 97</subfield><subfield code='q'>alk. paper</subfield></datafield><datafield ind1=' ' ind2=' ' tag='020'><subfield code='a'>9783110232646</subfield><subfield code='q'>Bd. 98</subfield><subfield code='q'>alk. paper</subfield></datafield><datafield ind1=' ' ind2=' ' tag='020'><subfield code='a'>3110232642</subfield><subfield code='q'>Bd. 98</subfield><subfield code='q'>alk. paper</subfield></datafield><datafield ind1=' ' ind2=' ' tag='020'><subfield code='a'>9783110232653</subfield><subfield code='q'>Bd. 99</subfield><subfield code='q'>alk. paper</subfield></datafield><datafield ind1=' ' ind2=' ' tag='020'><subfield code='a'>3110232650</subfield><subfield code='q'>Bd. 99</subfield><subfield code='q'>alk. paper</subfield></datafield><datafield ind1=' ' ind2=' ' tag='020'><subfield code='a'>9783110232660</subfield><subfield code='q'>Bd. 100</subfield><subfield code='q'>alk. paper</subfield></datafield><datafield ind1=' ' ind2=' ' tag='020'><subfield code='a'>3110232669</subfield><subfield code='q'>Bd. 100</subfield><subfield code='q'>alk. paper</subfield></datafield><datafield ind1=' ' ind2=' ' tag='020'><subfield code='a'>9783110550696</subfield><subfield code='q'>index to Bd. 91-100, Teil 1</subfield><subfield code='q'>alk. paper</subfield></datafield><datafield ind1=' ' ind2=' ' tag='020'><subfield code='a'>3110550695</subfield><subfield code='q'>index to Bd. 91-100, Teil 1</subfield><subfield code='q'>alk. paper</subfield></datafield><datafield ind1=' ' ind2=' ' tag='020'><subfield code='a'>9783110550702</subfield><subfield code='q'>index to Bd. 91-100, Teil 2</subfield><subfield code='q'>alk. paper</subfield></datafield><datafield ind1=' ' ind2=' ' tag='020'><subfield code='a'>3110550709</subfield><subfield code='q'>index to Bd. 91-100, Teil 2</subfield><subfield code='q'>alk. paper</subfield></datafield><datafield ind1=' ' ind2=' ' tag='020'><subfield code='a'>9783110232677</subfield><subfield code='q'>Bd. 101</subfield><subfield code='q'>alk. paper</subfield></datafield><datafield ind1=' ' ind2=' ' tag='020'><subfield code='a'>3110232677</subfield><subfield code='q'>Bd. 101</subfield><subfield code='q'>alk. paper</subfield></datafield><datafield ind1=' ' ind2=' ' tag='020'><subfield code='a'>9783110232684</subfield><subfield code='q'>Bd. 102</subfield><subfield code='q'>alk. paper</subfield></datafield><datafield ind1=' ' ind2=' ' tag='020'><subfield code='a'>3110232685</subfield><subfield code='q'>Bd. 102</subfield><subfield code='q'>alk. paper</subfield></datafield><datafield ind1=' ' ind2=' ' tag='020'><subfield code='a'>9783110232691</subfield><subfield code='q'>Bd. 103</subfield><subfield code='q'>alk. paper</subfield></datafield><datafield ind1=' ' ind2=' ' tag='020'><subfield code='a'>3110232693</subfield><subfield code='q'>Bd. 103</subfield><subfield code='q'>alk. paper</subfield></datafield><datafield ind1=' ' ind2=' ' tag='020'><subfield code='a'>9783110232707</subfield><subfield code='q'>Bd. 104</subfield><subfield code='q'>alk. paper</subfield></datafield><datafield ind1=' ' ind2=' ' tag='020'><subfield code='a'>3110232707</subfield><subfield code='q'>Bd. 104</subfield><subfield code='q'>alk. paper</subfield></datafield><datafield ind1=' ' ind2=' ' tag='020'><subfield code='a'>9783110232714</subfield><subfield code='q'>Bd. 105</subfield><subfield code='q'>alk. paper</subfield></datafield><datafield ind1=' ' ind2=' ' tag='020'><subfield code='a'>3110232715</subfield><subfield code='q'>Bd. 105</subfield><subfield code='q'>alk. paper</subfield></datafield><datafield ind1=' ' ind2=' ' tag='020'><subfield code='a'>9783110232721</subfield><subfield code='q'>Bd. 106</subfield></datafield><datafield ind1=' ' ind2=' ' tag='020'><subfield code='a'>3110232723</subfield><subfield code='q'>Bd. 106</subfield></datafield><datafield ind1=' ' ind2=' ' tag='020'><subfield code='a'>9783110232738</subfield><subfield code='q'>Bd. 107</subfield></datafield><datafield ind1=' ' ind2=' ' tag='020'><subfield code='a'>3110232731</subfield><subfield code='q'>Bd. 107</subfield></datafield><datafield ind1=' ' ind2=' ' tag='020'><subfield code='a'>9783110232745</subfield><subfield code='q'>Bd. 108</subfield></datafield><datafield ind1=' ' ind2=' ' tag='020'><subfield code='a'>311023274X</subfield><subfield code='q'>Bd. 108</subfield></datafield><datafield ind1=' ' ind2=' ' tag='020'><subfield code='a'>9783110232752</subfield><subfield code='q'>Bd. 109</subfield></datafield><datafield ind1=' ' ind2=' ' tag='020'><subfield code='a'>3110232758</subfield><subfield code='q'>Bd. 109</subfield></datafield><datafield ind1=' ' ind2=' ' tag='020'><subfield code='a'>9783110232769</subfield><subfield code='q'>Bd. 110</subfield></datafield><datafield ind1=' ' ind2=' ' tag='020'><subfield code='a'>3110232766</subfield><subfield code='q'>Bd. 110</subfield></datafield><datafield ind1=' ' ind2=' ' tag='020'><subfield code='a'>9783110696172</subfield><subfield code='q'>index to Bd. 101-110, Teil 1</subfield><subfield code='q'>alk. paper</subfield></datafield><datafield ind1=' ' ind2=' ' tag='020'><subfield code='a'>3110696177</subfield><subfield code='q'>index to Bd. 101-110, Teil 1</subfield><subfield code='q'>alk. paper</subfield></datafield><datafield ind1=' ' ind2=' ' tag='020'><subfield code='a'>9783110696196</subfield><subfield code='q'>index to Bd. 101-110, Teil 2</subfield><subfield code='q'>alk. paper</subfield></datafield><datafield ind1=' ' ind2=' ' tag='020'><subfield code='a'>3110696193</subfield><subfield code='q'>index to Bd. 101-110, Teil 2</subfield><subfield code='q'>alk. paper</subfield></datafield><datafield ind1=' ' ind2=' ' tag='020'><subfield code='a'>9783110550597</subfield><subfield code='q'>Bd. 111</subfield></datafield><datafield ind1=' ' ind2=' ' tag='020'><subfield code='a'>3110550598</subfield><subfield code='q'>Bd. 111</subfield></datafield><datafield ind1=' ' ind2=' ' tag='020'><subfield code='a'>9783110550580</subfield><subfield code='q'>Bd. 112</subfield></datafield><datafield ind1=' ' ind2=' ' tag='020'><subfield code='a'>311055058X</subfield><subfield code='q'>Bd, 112</subfield></datafield><datafield ind1=' ' ind2=' ' tag='020'><subfield code='a'>9783110550627</subfield><subfield code='q'>Bd. 113</subfield></datafield><datafield ind1=' ' ind2=' ' tag='020'><subfield code='a'>3110550628</subfield><subfield code='q'>Bd. 113</subfield></datafield><datafield ind1=' ' ind2=' ' tag='020'><subfield code='a'>9783110550658</subfield><subfield code='q'>Bd. 114</subfield></datafield><datafield ind1=' ' ind2=' ' tag='020'><subfield code='a'>3110550652</subfield><subfield code='q'>Bd. 114</subfield></datafield><datafield ind1=' ' ind2=' ' tag='020'><subfield code='a'>9783110550665</subfield><subfield code='q'>Bd. 115</subfield></datafield><datafield ind1=' ' ind2=' ' tag='020'><subfield code='a'>3110550660</subfield><subfield code='q'>Bd. 115</subfield></datafield><datafield ind1=' ' ind2=' ' tag='020'><subfield code='a'>9783110775938</subfield><subfield code='q'>Bd. 116</subfield></datafield><datafield ind1=' ' ind2=' ' tag='020'><subfield code='a'>9783110776010</subfield><subfield code='q'>Bd. 117</subfield></datafield><datafield ind1=' ' ind2=' ' tag='020'><subfield code='a'>9783110776041</subfield><subfield code='q'>Bd. 118</subfield></datafield><datafield ind1=' ' ind2=' ' tag='020'><subfield code='a'>3110776049</subfield><subfield code='q'>Bd. 118</subfield></datafield><datafield ind1=' ' ind2=' ' tag='020'><subfield code='a'>9783110998009</subfield><subfield code='q'>Bd. 119</subfield></datafield><datafield ind1=' ' ind2=' ' tag='020'><subfield code='a'>3110998009</subfield><subfield code='q'>Bd. 119</subfield></datafield><datafield ind1=' ' ind2=' ' tag='020'><subfield code='a'>9783110776096</subfield><subfield code='q'>(index to volumes 111-119, part 1)</subfield></datafield><datafield ind1=' ' ind2=' ' tag='020'><subfield code='a'>311077609X</subfield><subfield code='q'>(index to volumes 111-119, part 1)</subfield></datafield><datafield ind1=' ' ind2=' ' tag='020'><subfield code='a'>9783110776102</subfield><subfield code='q'>(index to volumes 111-119, part 2)</subfield></datafield><datafield ind1=' ' ind2=' ' tag='020'><subfield code='a'>3110776103</subfield><subfield code='q'>(index to volumes 111-119, part 2)</subfield></datafield><datafield ind1=' ' ind2=' ' tag='020'><subfield code='a'>3110776014</subfield></datafield><datafield ind1=' ' ind2=' ' tag='020'><subfield code='a'>3598227760</subfield></datafield><datafield ind1=' ' ind2=' ' tag='020'><subfield code='a'>9783598227769</subfield></datafield><datafield ind1=' ' ind2=' ' tag='020'><subfield code='a'>3598227779</subfield></datafield><datafield ind1=' ' ind2=' ' tag='020'><subfield code='a'>9783598227776</subfield></datafield><datafield ind1=' ' ind2=' ' tag='020'><subfield code='a'>3598227787</subfield></datafield><datafield ind1=' ' ind2=' ' tag='020'><subfield code='a'>9783598227783</subfield></datafield><datafield ind1=' ' ind2=' ' tag='020'><subfield code='a'>3598227795</subfield></datafield><datafield ind1=' ' ind2=' ' tag='020'><subfield code='a'>9783598227790</subfield></datafield><datafield ind1=' ' ind2=' ' tag='020'><subfield code='a'>3598227809</subfield></datafield><datafield ind1=' ' ind2=' ' tag='020'><subfield code='a'>9783598227806</subfield></datafield><datafield ind1=' ' ind2=' ' tag='020'><subfield code='a'>3598227817</subfield></datafield><datafield ind1=' ' ind2=' ' tag='020'><subfield code='a'>9783598227813</subfield></datafield><datafield ind1=' ' ind2=' ' tag='020'><subfield code='a'>3598227825</subfield></datafield><datafield ind1=' ' ind2=' ' tag='020'><subfield code='a'>9783598227820</subfield></datafield><datafield ind1=' ' ind2=' ' tag='020'><subfield code='a'>3598227833</subfield></datafield><datafield ind1=' ' ind2=' ' tag='020'><subfield code='a'>9783598227837</subfield></datafield><datafield ind1=' ' ind2=' ' tag='020'><subfield code='a'>3598227841</subfield></datafield><datafield ind1=' ' ind2=' ' tag='020'><subfield code='a'>9783598227844</subfield></datafield><datafield ind1=' ' ind2=' ' tag='020'><subfield code='a'>359822785X</subfield></datafield><datafield ind1=' ' ind2=' ' tag='020'><subfield code='a'>9783598227851</subfield></datafield><datafield ind1=' ' ind2=' ' tag='020'><subfield code='a'>3598227868</subfield></datafield><datafield ind1=' ' ind2=' ' tag='020'><subfield code='a'>9783598227868</subfield></datafield><datafield ind1=' ' ind2=' ' tag='020'><subfield code='a'>3598227450</subfield></datafield><datafield ind1=' ' ind2=' ' tag='020'><subfield code='a'>9783598227455</subfield></datafield><datafield ind1=' ' ind2=' ' tag='020'><subfield code='a'>3598227469</subfield></datafield><datafield ind1=' ' ind2=' ' tag='020'><subfield code='a'>9783598227462</subfield></datafield><datafield ind1=' ' ind2=' ' tag='020'><subfield code='a'>3598227477</subfield></datafield><datafield ind1=' ' ind2=' ' tag='020'><subfield code='a'>9783598227479</subfield></datafield><datafield ind1=' ' ind2=' ' tag='020'><subfield code='a'>3598227485</subfield></datafield><datafield ind1=' ' ind2=' ' tag='020'><subfield code='a'>9783598227486</subfield></datafield><datafield ind1=' ' ind2=' ' tag='020'><subfield code='a'>3598227493</subfield></datafield><datafield ind1=' ' ind2=' ' tag='020'><subfield code='a'>9783598227493</subfield></datafield><datafield ind1=' ' ind2=' ' tag='020'><subfield code='a'>3598227507</subfield></datafield><datafield ind1=' ' ind2=' ' tag='020'><subfield code='a'>9783598227509</subfield></datafield><datafield ind1=' ' ind2=' ' tag='020'><subfield code='a'>3598227515</subfield></datafield><datafield ind1=' ' ind2=' ' tag='020'><subfield code='a'>9783598227516</subfield></datafield><datafield ind1=' ' ind2=' ' tag='020'><subfield code='a'>3598227523</subfield></datafield><datafield ind1=' ' ind2=' ' tag='020'><subfield code='a'>9783598227523</subfield></datafield><datafield ind1=' ' ind2=' ' tag='020'><subfield code='a'>3598227531</subfield></datafield><datafield ind1=' ' ind2=' ' tag='020'><subfield code='a'>9783598227530</subfield></datafield><datafield ind1=' ' ind2=' ' tag='020'><subfield code='a'>359822754X</subfield></datafield><datafield ind1=' ' ind2=' ' tag='020'><subfield code='a'>9783598227547</subfield></datafield><datafield ind1=' ' ind2=' ' tag='020'><subfield code='a'>3598227558</subfield></datafield><datafield ind1=' ' ind2=' ' tag='020'><subfield code='a'>9783598227554</subfield></datafield><datafield ind1=' ' ind2=' ' tag='020'><subfield code='a'>3598227566</subfield></datafield><datafield ind1=' ' ind2=' ' tag='020'><subfield code='a'>9783598227561</subfield></datafield><datafield ind1=' ' ind2=' ' tag='020'><subfield code='a'>3598227574</subfield></datafield><datafield ind1=' ' ind2=' ' tag='020'><subfield code='a'>9783598227578</subfield></datafield><datafield ind1=' ' ind2=' ' tag='020'><subfield code='a'>3598227582</subfield></datafield><datafield ind1=' ' ind2=' ' tag='020'><subfield code='a'>9783598227585</subfield></datafield><datafield ind1=' ' ind2=' ' tag='020'><subfield code='a'>3598227590</subfield></datafield><datafield ind1=' ' ind2=' ' tag='020'><subfield code='a'>9783598227592</subfield></datafield><datafield ind1=' ' ind2=' ' tag='020'><subfield code='a'>3598227604</subfield></datafield><datafield ind1=' ' ind2=' ' tag='020'><subfield code='a'>9783598227608</subfield></datafield><datafield ind1=' ' ind2=' ' tag='020'><subfield code='a'>3598227612</subfield></datafield><datafield ind1=' ' ind2=' ' tag='020'><subfield code='a'>9783598227615</subfield></datafield><datafield ind1=' ' ind2=' ' tag='020'><subfield code='a'>3598227620</subfield></datafield><datafield ind1=' ' ind2=' ' tag='020'><subfield code='a'>9783598227622</subfield></datafield><datafield ind1=' ' ind2=' ' tag='020'><subfield code='a'>3598227639</subfield></datafield><datafield ind1=' ' ind2=' ' tag='020'><subfield code='a'>9783598227639</subfield></datafield><datafield ind1=' ' ind2=' ' tag='020'><subfield code='a'>3598227647</subfield></datafield><datafield ind1=' ' ind2=' ' tag='020'><subfield code='a'>9783598227646</subfield></datafield><datafield ind1=' ' ind2=' ' tag='020'><subfield code='a'>3598227655</subfield></datafield><datafield ind1=' ' ind2=' ' tag='020'><subfield code='a'>9783598227653</subfield></datafield><datafield ind1=' ' ind2=' ' tag='020'><subfield code='a'>3598227663</subfield></datafield><datafield ind1=' ' ind2=' ' tag='020'><subfield code='a'>9783598227660</subfield></datafield><datafield ind1=' ' ind2=' ' tag='020'><subfield code='a'>3598227671</subfield></datafield><datafield ind1=' ' ind2=' ' tag='020'><subfield code='a'>9783598227677</subfield></datafield><datafield ind1=' ' ind2=' ' tag='020'><subfield code='a'>359822768X</subfield></datafield><datafield ind1=' ' ind2=' ' tag='020'><subfield code='a'>9783598227684</subfield></datafield><datafield ind1=' ' ind2=' ' tag='020'><subfield code='a'>3598227698</subfield></datafield><datafield ind1=' ' ind2=' ' tag='020'><subfield code='a'>9783598227691</subfield></datafield><datafield ind1=' ' ind2=' ' tag='020'><subfield code='a'>3598227701</subfield></datafield><datafield ind1=' ' ind2=' ' tag='020'><subfield code='a'>9783598227707</subfield><subfield code='q'>Bd. 104</subfield></datafield><datafield ind1=' ' ind2=' ' tag='020'><subfield code='a'>359822771X</subfield><subfield code='q'>Bd. 104</subfield></datafield><datafield ind1=' ' ind2=' ' tag='020'><subfield code='a'>9783598227714</subfield><subfield code='q'>Bd. 105</subfield></datafield><datafield ind1=' ' ind2=' ' tag='020'><subfield code='a'>3598227728</subfield><subfield code='q'>Bd. 105</subfield></datafield><datafield ind1=' ' ind2=' ' tag='020'><subfield code='a'>9783598227721</subfield></datafield><datafield ind1=' ' ind2=' ' tag='020'><subfield code='a'>3598227736</subfield></datafield><datafield ind1=' ' ind2=' ' tag='020'><subfield code='a'>9783598227738</subfield></datafield><datafield ind1=' ' ind2=' ' tag='020'><subfield code='a'>3598227744</subfield></datafield><datafield ind1=' ' ind2=' ' tag='020'><subfield code='a'>9783598227745</subfield></datafield><datafield ind1=' ' ind2=' ' tag='020'><subfield code='a'>3598227752</subfield></datafield><datafield ind1=' ' ind2=' ' tag='020'><subfield code='a'>9783598227752</subfield></datafield><datafield ind1=' ' ind2=' ' tag='020'><subfield code='a'>9783598227875</subfield></datafield><datafield ind1=' ' ind2=' ' tag='020'><subfield code='a'>3598227876</subfield></datafield><datafield ind1=' ' ind2=' ' tag='020'><subfield code='a'>9783598227882</subfield></datafield><datafield ind1=' ' ind2=' ' tag='020'><subfield code='a'>3598227884</subfield></datafield><datafield ind1=' ' ind2=' ' tag='020'><subfield code='a'>9783598227899</subfield></datafield><datafield ind1=' ' ind2=' ' tag='020'><subfield code='a'>3598227892</subfield></datafield><datafield ind1=' ' ind2=' ' tag='020'><subfield code='a'>9783598227905</subfield></datafield><datafield ind1=' ' ind2=' ' tag='020'><subfield code='a'>3598227906</subfield></datafield><datafield ind1=' ' ind2=' ' tag='020'><subfield code='a'>9783598227912</subfield></datafield><datafield ind1=' ' ind2=' ' tag='020'><subfield code='a'>3598227914</subfield></datafield><datafield ind1=' ' ind2=' ' tag='020'><subfield code='a'>9783598227929</subfield></datafield><datafield ind1=' ' ind2=' ' tag='020'><subfield code='a'>3598227922</subfield></datafield><datafield ind1=' ' ind2=' ' tag='020'><subfield code='a'>9783598227936</subfield></datafield><datafield ind1=' ' ind2=' ' tag='020'><subfield code='a'>3598227930</subfield></datafield><datafield ind1=' ' ind2=' ' tag='020'><subfield code='a'>9783598227943</subfield></datafield><datafield ind1=' ' ind2=' ' tag='020'><subfield code='a'>3598227949</subfield></datafield><datafield ind1=' ' ind2=' ' tag='020'><subfield code='a'>9783598227950</subfield></datafield><datafield ind1=' ' ind2=' ' tag='020'><subfield code='a'>3598227957</subfield></datafield><datafield ind1=' ' ind2=' ' tag='020'><subfield code='a'>9783598227967</subfield></datafield><datafield ind1=' ' ind2=' ' tag='020'><subfield code='a'>3598227965</subfield></datafield><datafield ind1=' ' ind2=' ' tag='020'><subfield code='a'>9783598227974</subfield></datafield><datafield ind1=' ' ind2=' ' tag='020'><subfield code='a'>3598227973</subfield></datafield><datafield ind1=' ' ind2=' ' tag='020'><subfield code='a'>9783598227981</subfield></datafield><datafield ind1=' ' ind2=' ' tag='020'><subfield code='a'>3598227981</subfield></datafield><datafield ind1=' ' ind2=' ' tag='020'><subfield code='a'>9783598227998</subfield></datafield><datafield ind1=' ' ind2=' ' tag='020'><subfield code='a'>359822799X</subfield></datafield><datafield ind1=' ' ind2=' ' tag='020'><subfield code='a'>9783598228001</subfield></datafield><datafield ind1=' ' ind2=' ' tag='020'><subfield code='a'>3598228007</subfield></datafield><datafield ind1=' ' ind2=' ' tag='020'><subfield code='a'>9783598230288</subfield></datafield><datafield ind1=' ' ind2=' ' tag='020'><subfield code='a'>3598230281</subfield></datafield><datafield ind1=' ' ind2=' ' tag='020'><subfield code='a'>9783598230295</subfield></datafield><datafield ind1=' ' ind2=' ' tag='020'><subfield code='a'>359823029X</subfield></datafield><datafield ind1=' ' ind2=' ' tag='020'><subfield code='a'>9783598230301</subfield></datafield><datafield ind1=' ' ind2=' ' tag='020'><subfield code='a'>3598230303</subfield></datafield><datafield ind1=' ' ind2=' ' tag='020'><subfield code='a'>9783598230318</subfield></datafield><datafield ind1=' ' ind2=' ' tag='020'><subfield code='a'>3598230311</subfield></datafield><datafield ind1=' ' ind2=' ' tag='020'><subfield code='a'>9783598230325</subfield></datafield><datafield ind1=' ' ind2=' ' tag='020'><subfield code='a'>359823032X</subfield></datafield><datafield ind1=' ' ind2=' ' tag='020'><subfield code='a'>9783598230332</subfield></datafield><datafield ind1=' ' ind2=' ' tag='020'><subfield code='a'>3598230338</subfield></datafield><datafield ind1=' ' ind2=' ' tag='020'><subfield code='a'>9783598230349</subfield></datafield><datafield ind1=' ' ind2=' ' tag='020'><subfield code='a'>3598230346</subfield></datafield><datafield ind1=' ' ind2=' ' tag='020'><subfield code='a'>9783598230356</subfield></datafield><datafield ind1=' ' ind2=' ' tag='020'><subfield code='a'>3598230354</subfield></datafield><datafield ind1=' ' ind2=' ' tag='020'><subfield code='a'>9783598230363</subfield></datafield><datafield ind1=' ' ind2=' ' tag='020'><subfield code='a'>3598230362</subfield></datafield><datafield ind1=' ' ind2=' ' tag='020'><subfield code='a'>3598228015</subfield></datafield><datafield ind1=' ' ind2=' ' tag='020'><subfield code='a'>9783598228018</subfield></datafield><datafield ind1=' ' ind2=' ' tag='020'><subfield code='a'>3598228023</subfield></datafield><datafield ind1=' ' ind2=' ' tag='020'><subfield code='a'>9783598228025</subfield></datafield><datafield ind1=' ' ind2=' ' tag='020'><subfield code='a'>3598228031</subfield></datafield><datafield ind1=' ' ind2=' ' tag='020'><subfield code='a'>9783598228032</subfield></datafield><datafield ind1=' ' ind2=' ' tag='020'><subfield code='a'>359822804X</subfield></datafield><datafield ind1=' ' ind2=' ' tag='020'><subfield code='a'>9783598228049</subfield></datafield><datafield ind1=' ' ind2=' ' tag='020'><subfield code='a'>3598228058</subfield></datafield><datafield ind1=' ' ind2=' ' tag='020'><subfield code='a'>9783598228056</subfield></datafield><datafield ind1=' ' ind2=' ' tag='020'><subfield code='a'>3598228066</subfield></datafield><datafield ind1=' ' ind2=' ' tag='020'><subfield code='a'>9783598228063</subfield></datafield><datafield ind1=' ' ind2=' ' tag='020'><subfield code='a'>3598228155</subfield></datafield><datafield ind1=' ' ind2=' ' tag='020'><subfield code='a'>9783598228155</subfield></datafield><datafield ind1=' ' ind2=' ' tag='020'><subfield code='a'>3598228163</subfield></datafield><datafield ind1=' ' ind2=' ' tag='020'><subfield code='a'>9783598228162</subfield></datafield><datafield ind1=' ' ind2=' ' tag='020'><subfield code='a'>9783598229176</subfield></datafield><datafield ind1=' ' ind2=' ' tag='020'><subfield code='a'>3598229178</subfield></datafield><datafield ind1=' ' ind2=' ' tag='020'><subfield code='a'>9783598229183</subfield></datafield><datafield ind1=' ' ind2=' ' tag='020'><subfield code='a'>3598229186</subfield></datafield><datafield ind1=' ' ind2=' ' tag='020'><subfield code='a'>9783110251005</subfield></datafield><datafield ind1=' ' ind2=' ' tag='020'><subfield code='a'>3110251000</subfield></datafield><datafield ind1=' ' ind2=' ' tag='020'><subfield code='a'>9783110251012</subfield></datafield><datafield ind1=' ' ind2=' ' tag='020'><subfield code='a'>3110251019</subfield></datafield><datafield ind1=' ' ind2=' ' tag='020'><subfield code='a'>9783598228629</subfield></datafield><datafield ind1=' ' ind2=' ' tag='020'><subfield code='a'>3598228627</subfield></datafield><datafield ind1=' ' ind2=' ' tag='020'><subfield code='a'>9783598228636</subfield></datafield><datafield ind1=' ' ind2=' ' tag='020'><subfield code='a'>3598228635</subfield></datafield><datafield ind1=' ' ind2=' ' tag='020'><subfield code='a'>9783598228643</subfield></datafield><datafield ind1=' ' ind2=' ' tag='020'><subfield code='a'>3598228643</subfield></datafield><datafield ind1=' ' ind2=' ' tag='020'><subfield code='a'>9783110550580</subfield></datafield><datafield ind1=' ' ind2=' ' tag='020'><subfield code='a'>311055058X</subfield></datafield><datafield ind1=' ' ind2=' ' tag='020'><subfield code='a'>9783110550627</subfield></datafield><datafield ind1=' ' ind2=' ' tag='020'><subfield code='a'>3110550628</subfield></datafield><datafield ind1=' ' ind2=' ' tag='020'><subfield code='a'>311077593X</subfield><subfield code='q'>Bd. 116</subfield></datafield><datafield ind1=' ' ind2=' ' tag='010'><subfield code='a'>   93233755</subfield></datafield><datafield ind1=' ' ind2=' ' tag='500'><subfield code='a'>At head of title, volumes 4-65: Saur.</subfield></datafield><datafield ind1=' ' ind2=' ' tag='500'><subfield code='a'>At head of title, volumes 70-: De Gruyter.</subfield></datafield><datafield ind1=' ' ind2=' ' tag='500'><subfield code='a'>Volumes 1-69 edited by Günter Meissner [and others]; volumes 78- edited by Andreas Beyer, Bénédicte Savoy, and Wolf Tegethoff.</subfield></datafield><datafield ind1=' ' ind2=' ' tag='500'><subfield code='a'>From 1989 on, the editorship of the Künstlerlexikon has been under the auspices of the Comité international d&apos;histoire de l&apos;art, at times in cooperation with the Deutsches Dokumentationszentrum für Kunstgeschichte.</subfield></datafield><datafield ind1=' ' ind2=' ' tag='500'><subfield code='a'>For every 10 volumes, a 2-volume index is issued. Teil 1, Länder, indexes artists by country; Teil 2, Künstlerische Berufe, indexes artists first by their field of activity and then by country.</subfield></datafield><datafield ind1=' ' ind2=' ' tag='500'><subfield code='a'>The Allgemeines Künstlerlexikon reached completion in 2023 with the publication of the index volumes for volumes 111-119--Letter from distributor dated January 20, 2023.</subfield></datafield><datafield ind1=' ' ind2=' ' tag='530'><subfield code='a'>Also available in electronic format.</subfield></datafield><datafield ind1=' ' ind2=' ' tag='504'><subfield code='a'>Includes bibliographical references.</subfield></datafield><datafield ind1='0' ind2=' ' tag='505'><subfield code='a'>Band 1. A-Alanson -- Band 2. Alanson-Alvarez -- Band 3. Alvarez-Angelin -- Band 4. Angelin-Ardon -- Band 5. Ardos-Avogaro -- Band 6. Avogaro-Barbieri -- Band 7. Barbieri-Bayona -- Band 8. Bayonne-Benech -- Band 9. Benecke-Berrettini -- Band 10. Berrettini-Bikkers -- Band 11. Bīklār-Bobrov -- Band 12. Bobrov-Bordačev -- Band 13. Bordalejo-Braun -- Band 14. Braun-Buckett -- Band 15. Bucki-Campagnari -- Band 16. Campagne-Cartellier -- Band 17. Carter-Cesaretti -- Band 18. Cesari-Choupay -- Band 19. Chouppe-Clovio -- Band 20. Clow-Contel -- Band 21. Contell-Courtry -- Band 22. Courts-Cuccini -- Band 23. Cuccioni-Dambsman -- Band 24. Damdama-Dayal -- Band 25. Dayan-Delvoye -- Band 26. Delwaide-Dewagut -- Band 27. Dewailly-Dismorr -- Band 28. Disney-Donnus -- Band 29. Donny-Du -- Band 30. Dua-Dunlap -- Band 31. Dunlop-Ebers -- Band 32. Ebersbach-Eimbke -- Band 33. Eimer-Engehser -- Band 34. Engel-Eschini -- Band 35. Eschka-Ezenwa -- Band 36. Ezeoke-Faradje -- Band 37. Farafonava-Fejervary -- Band 38. Fejes-Ferrari von Kellerhof -- Band 39. Ferrari D&apos;Orsara-Filippi -- Band 40. Filippi-Fitzner --</subfield></datafield><datafield ind1='8' ind2=' ' tag='505'><subfield code='a'>Band 41. Fitzpatrick-Folger -- Band 42. Folgering-Fosman -- Band 43. Fosnes-Francone -- Band 44. Franconi-Freyenmuth -- Band 45. Freyer-Fryderyk -- Band 46. Frydl-Gabo -- Band 47. Gabor-Gallardus -- Band 48. Gallarini-Garcha -- Band 49. Garchik-Gáspárdy -- Band 50. Gaspare-Geesink -- Band 51. Geeslin-Geranzani -- Band 52. Gerard-Gheuse -- Band 53. Ghevers-Gil Torres -- Band 54. Gil Valdez-Giovanni di Cione -- Band 55. Giovanni da Civitella-Glandon -- Band 56. Glandorf-Goepfart -- Band 57. Goepfert-Gómez Feu -- Band 58. Gómez de Fonseca-Gordon -- Band 59. Gordon-Gracian -- Band 60. Graciano-Grau-Sala -- Band 61. Grau-Santos-Greyer -- Band 62. Greyerz-Grondoli -- Band 63. Grondona-Grysuk -- Band 64. Gryt-Guerrin -- Band 65. Guerring-Guntbaldus -- Band 66. Gunten-Haaren -- Band 67. Haarer-Hahs -- Band 68. Hai-Hammock -- Band 69. Hammon-Hartung -- Band 70. Hartwagner-Hedouin -- Band 71. Hedquist-Hennicke -- Band 72. Hennig-Heuler -- Band 73. Heunert-Hoellwarth -- Band 74. Hoelscher-Hornstein -- Band 75. Hornung-Hunziker -- Band 76. Hunzinger-Iza -- Band 77. Izaguirre-Jerace -- Band 78. Jeraj-Jur&apos;ev -- Band 79. Jurgens-Kelder -- Band 80. Keldermans-Knebel -- Band 81. Knecht-Kretzner -- Band 82. Kretzschmar-Lalique -- Band 83. Lalix-Leibowitz -- Band 84. Leibundgut-Linssen -- Band 85. Linstow-Luns -- Band 86. Lunt-Mandelsloh -- Band 87. Mandelstamm-Matielli -- Band 88. Matijin-Meixner -- Band 89. Mejchar-Minguzzi -- Band 90. Minh Cao-Morrillo -- Band 91. Morris-Nasedkin -- Band 92. Naselli-Nordgren -- Band 93. Nordhagen-Ostrog -- Band 94. Ostrogović-Pellegrina -- Band 95. Pellegrini-Pinstok -- Band 96. Pintaldi-Pretro -- Band 97. Pretsch-Rauh -- Band 98. Raum-Rimpatta -- Band 99. Rimpl-Rover -- Band 100. Rovere-Samonà -- Band 101. Samore-Schleiffert -- Band 102. Schleime-Seitter -- Band 103. Seitz-Silvestre -- Band 104. Silvestrin-Somani -- Band 105. Somaré-Steenkamp -- Band 106. Steenroet-Stundl -- Band 107. Stuntz-Tandy -- Band 108. Tanev-Thoman -- Band 109. Thomann-Toron -- Band 110. Toroni-Tupynambá -- Band 111. Tur-Valldosera -- Band 112. Valle-Verner -- Band 113. Vernet-Voigt, David -- Band 114. Voigt, Eberhard-Wang, Gongyi -- Band 115. Wang, Guan-Werve -- Band 116. Wéry-Wittmann -- Band 117. Wittmer-Yi -- Band 118. Yiadom-B.-Zemión -- Band 119. Zemła-Zyx.</subfield></datafield><datafield ind1='0' ind2=' ' tag='505'><subfield code='a'>Nachtrag: Band 1. A-Azzopardi -- Band 2. B-Beran -- Band 3. Beranek-Briggs -- Band 4. Bright-Casset -- Band 5. Cassini-Czwartos.</subfield></datafield><datafield ind1=' ' ind2='1' tag='264'><subfield code='3'>volumes 1-3:</subfield><subfield code='a'>Leipzig :</subfield><subfield code='b'>VEB E.A. Seemann,</subfield><subfield code='c'>1983-[2023]</subfield></datafield><datafield ind1='2' ind2='1' tag='264'><subfield code='3'>volumes 4-65:</subfield><subfield code='a'>München :</subfield><subfield code='b'>Saur</subfield></datafield><datafield ind1='2' ind2='1' tag='264'><subfield code='3'>volumes 66-69:</subfield><subfield code='a'>Berlin ;</subfield><subfield code='a'>New York :</subfield><subfield code='b'>W. de Gruyter</subfield></datafield><datafield ind1='3' ind2='1' tag='264'><subfield code='3'>volumes 70-119:</subfield><subfield code='a'>Berlin ;</subfield><subfield code='a'>Boston :</subfield><subfield code='b'>De Gruyter</subfield></datafield><datafield ind1=' ' ind2=' ' tag='300'><subfield code='a'>119 volumes ;</subfield><subfield code='c'>25 cm +</subfield><subfield code='e'>index volumes (12 bibliographic volumes in 24 physical volumes) + Nachtrag ( 5 volumes)</subfield></datafield><datafield ind1=' ' ind2=' ' tag='336'><subfield code='a'>text</subfield><subfield code='b'>txt</subfield><subfield code='2'>rdacontent</subfield></datafield><datafield ind1=' ' ind2=' ' tag='337'><subfield code='a'>unmediated</subfield><subfield code='b'>n</subfield><subfield code='2'>rdamedia</subfield></datafield><datafield ind1=' ' ind2=' ' tag='338'><subfield code='a'>volume</subfield><subfield code='b'>nc</subfield><subfield code='2'>rdacarrier</subfield></datafield><datafield ind1='0' ind2='0' tag='245'><subfield code='a'>Allgemeines Künstlerlexikon :</subfield><subfield code='b'>die bildenden Künstler aller Zeiten und Völker.</subfield></datafield><datafield ind1='3' ind2=' ' tag='246'><subfield code='a'>Allgemeines Künstler-Lexikon</subfield></datafield><datafield ind1='1' ind2=' ' tag='246'><subfield code='i'>Citation title:</subfield><subfield code='a'>AKL</subfield></datafield><datafield ind1='3' ind2=' ' tag='246'><subfield code='a'>Saur Allgemeines Künstlerlexikon</subfield></datafield><datafield ind1='3' ind2=' ' tag='246'><subfield code='a'>De Gruyter Allgemeines Künstlerlexikon</subfield></datafield><datafield ind1='0' ind2='8' tag='776'><subfield code='i'>Online version:</subfield><subfield code='t'>Allgemeines Künstlerlexikon.</subfield><subfield code='d'>München : Saur, 1992-</subfield><subfield code='w'>(OCoLC)741473384</subfield></datafield><datafield ind1='7' ind2=' ' tag='016'><subfield code='a'>013406972</subfield><subfield code='2'>Uk</subfield></datafield><datafield ind1=' ' ind2=' ' tag='019'><subfield code='a'>25075524</subfield><subfield code='a'>25078898</subfield><subfield code='a'>501028900</subfield><subfield code='a'>777648224</subfield><subfield code='a'>777648239</subfield><subfield code='a'>1201969782</subfield><subfield code='a'>1201976603</subfield><subfield code='a'>1225694036</subfield></datafield><datafield ind1=' ' ind2=' ' tag='040'><subfield code='a'>DLC</subfield><subfield code='b'>eng</subfield><subfield code='e'>rda</subfield><subfield code='c'>DLC</subfield><subfield code='d'>MUQ</subfield><subfield code='d'>NLGGC</subfield><subfield code='d'>IMO</subfield><subfield code='d'>HFL</subfield><subfield code='d'>XII</subfield><subfield code='d'>STF</subfield><subfield code='d'>UKTTE</subfield><subfield code='d'>GEBAY</subfield><subfield code='d'>IAY</subfield><subfield code='d'>IPS</subfield><subfield code='d'>ZWZ</subfield><subfield code='d'>NUI</subfield><subfield code='d'>KIJ</subfield><subfield code='d'>UKMGB</subfield><subfield code='d'>RBN</subfield><subfield code='d'>BTCTA</subfield><subfield code='d'>MAV</subfield><subfield code='d'>OCLCF</subfield><subfield code='d'>WAU</subfield><subfield code='d'>IUL</subfield><subfield code='d'>CSAIL</subfield><subfield code='d'>QGJ</subfield><subfield code='d'>OCLCQ</subfield><subfield code='d'>XII</subfield><subfield code='d'>CUV</subfield><subfield code='d'>IUL</subfield><subfield code='d'>OCLCA</subfield><subfield code='d'>QGJ</subfield><subfield code='d'>CUV</subfield><subfield code='d'>IUL</subfield><subfield code='d'>UIU</subfield><subfield code='d'>INU</subfield><subfield code='d'>QGJ</subfield><subfield code='d'>XII</subfield><subfield code='d'>OCL</subfield><subfield code='d'>WAU</subfield><subfield code='d'>QGJ</subfield><subfield code='d'>OCL</subfield><subfield code='d'>INU</subfield><subfield code='d'>IUL</subfield><subfield code='d'>RBN</subfield><subfield code='d'>SXB</subfield><subfield code='d'>CGU</subfield><subfield code='d'>GUA</subfield><subfield code='d'>ZGM</subfield><subfield code='d'>IL4J6</subfield><subfield code='d'>OCLCO</subfield><subfield code='d'>CUT</subfield><subfield code='d'>OCLCQ</subfield><subfield code='d'>FNE</subfield><subfield code='d'>CGU</subfield><subfield code='d'>CLU</subfield><subfield code='d'>QGJ</subfield><subfield code='d'>XII</subfield><subfield code='d'>QGJ</subfield><subfield code='d'>GUA</subfield><subfield code='d'>WAU</subfield><subfield code='d'>OCLCO</subfield><subfield code='d'>QGJ</subfield><subfield code='d'>INU</subfield><subfield code='d'>GUA</subfield><subfield code='d'>XII</subfield><subfield code='d'>OCLCO</subfield><subfield code='d'>QGJ</subfield><subfield code='d'>INU</subfield><subfield code='d'>CUT</subfield><subfield code='d'>QGJ</subfield><subfield code='d'>UIU</subfield><subfield code='d'>XII</subfield><subfield code='d'>GUA</subfield><subfield code='d'>MNU</subfield><subfield code='d'>NYP</subfield></datafield><datafield ind1=' ' ind2=' ' tag='049'><subfield code='a'>NYPP</subfield></datafield><datafield ind1='1' ind2='4' tag='050'><subfield code='a'>N40</subfield><subfield code='b'>.A63 1992</subfield></datafield><datafield ind1=' ' ind2=' ' tag='080'><subfield code='a'>R 092:7 ALL</subfield></datafield><datafield ind1='0' ind2='0' tag='082'><subfield code='a'>709.2/2</subfield><subfield code='a'>B</subfield><subfield code='2'>23</subfield></datafield><datafield ind1=' ' ind2=' ' tag='901'><subfield code='a'>MARS</subfield></datafield><datafield ind1='1' ind2='4' tag='908'><subfield code='a'>N40</subfield><subfield code='b'>.A63 1992</subfield></datafield><datafield ind1=' ' ind2=' ' tag='901'><subfield code='a'>wly</subfield><subfield code='b'>CATRL</subfield></datafield><datafield ind1=' ' ind2=' ' tag='901'><subfield code='a'>MARS</subfield></datafield><datafield ind1=' ' ind2=' ' tag='901'><subfield code='a'>dcp</subfield><subfield code='b'>CATRL</subfield></datafield><datafield ind1=' ' ind2=' ' tag='901'><subfield code='b'>ha</subfield><subfield code='c'>NMN/JAZ</subfield></datafield><datafield ind1=' ' ind2=' ' tag='910'><subfield code='a'>RL</subfield></datafield><datafield ind1='0' ind2='0' tag='907'><subfield code='a'>.b139603839</subfield></datafield><datafield ind1=' ' ind2=' ' tag='035'><subfield code='a'>(OCoLC)29476005</subfield></datafield><datafield ind1=' ' ind2=' ' tag='901'><subfield code='a'>d76a6e6a-4e6c-4994-8005-f297f137ef10</subfield><subfield code='b'>17</subfield><subfield code='c'>false</subfield></datafield><datafield ind1='8' ind2=' ' tag='852'><subfield code='h'>N40.A63 1992 Bd. 54</subfield><subfield code='0'>16222500</subfield><subfield code='b'>scsbnypl</subfield></datafield><datafield ind1=' ' ind2=' ' tag='866'><subfield code='a'>Bd. 54</subfield><subfield code='0'>16222500</subfield></datafield><datafield ind1=' ' ind2=' ' tag='876'><subfield code='0'>16222500</subfield><subfield code='3'>Bd. 54</subfield><subfield code='a'>22940861</subfield><subfield code='h'>In Library Use</subfield><subfield code='j'>Available</subfield><subfield code='p'>33433077107229</subfield><subfield code='t'>1</subfield><subfield code='x'>Shared</subfield><subfield code='z'>NA</subfield><subfield code='l'>RECAP</subfield></datafield><datafield ind1='8' ind2=' ' tag='852'><subfield code='h'>N40.A63 1992 Bd. 97</subfield><subfield code='0'>16222501</subfield><subfield code='b'>scsbnypl</subfield></datafield><datafield ind1=' ' ind2=' ' tag='866'><subfield code='a'>Bd. 97</subfield><subfield code='0'>16222501</subfield></datafield><datafield ind1=' ' ind2=' ' tag='876'><subfield code='0'>16222501</subfield><subfield code='3'>Bd. 97</subfield><subfield code='a'>22940862</subfield><subfield code='h'>In Library Use</subfield><subfield code='j'>Available</subfield><subfield code='p'>33433121610863</subfield><subfield code='t'>1</subfield><subfield code='x'>Shared</subfield><subfield code='z'>NA</subfield><subfield code='l'>RECAP</subfield></datafield><datafield ind1='8' ind2=' ' tag='852'><subfield code='h'>N40.A63 1992 Register Bd. 51-60, T. 1</subfield><subfield code='0'>16222505</subfield><subfield code='b'>scsbnypl</subfield></datafield><datafield ind1=' ' ind2=' ' tag='866'><subfield code='a'>Register Bd. 51-60, T. 1</subfield><subfield code='0'>16222505</subfield></datafield><datafield ind1=' ' ind2=' ' tag='876'><subfield code='0'>16222505</subfield><subfield code='3'>Register Bd. 51-60, T. 1</subfield><subfield code='a'>22940866</subfield><subfield code='h'>In Library Use</subfield><subfield code='j'>Available</subfield><subfield code='p'>33433085364010</subfield><subfield code='t'>1</subfield><subfield code='x'>Shared</subfield><subfield code='z'>NA</subfield><subfield code='l'>RECAP</subfield></datafield><datafield ind1='8' ind2=' ' tag='852'><subfield code='h'>N40.A63 1992 Bd. 95</subfield><subfield code='0'>16222506</subfield><subfield code='b'>scsbnypl</subfield></datafield><datafield ind1=' ' ind2=' ' tag='866'><subfield code='a'>Bd. 95</subfield><subfield code='0'>16222506</subfield></datafield><datafield ind1=' ' ind2=' ' tag='876'><subfield code='0'>16222506</subfield><subfield code='3'>Bd. 95</subfield><subfield code='a'>22940867</subfield><subfield code='h'>In Library Use</subfield><subfield code='j'>Available</subfield><subfield code='p'>33433121618585</subfield><subfield code='t'>1</subfield><subfield code='x'>Shared</subfield><subfield code='z'>NA</subfield><subfield code='l'>RECAP</subfield></datafield><datafield ind1='8' ind2=' ' tag='852'><subfield code='h'>N40.A63 1992 Bd. 66</subfield><subfield code='0'>16222510</subfield><subfield code='b'>scsbnypl</subfield></datafield><datafield ind1=' ' ind2=' ' tag='866'><subfield code='a'>Bd. 66</subfield><subfield code='0'>16222510</subfield></datafield><datafield ind1=' ' ind2=' ' tag='876'><subfield code='0'>16222510</subfield><subfield code='3'>Bd. 66</subfield><subfield code='a'>22940871</subfield><subfield code='h'>In Library Use</subfield><subfield code='j'>Available</subfield><subfield code='p'>33433087144030</subfield><subfield code='t'>1</subfield><subfield code='x'>Shared</subfield><subfield code='z'>NA</subfield><subfield code='l'>RECAP</subfield></datafield><datafield ind1='8' ind2=' ' tag='852'><subfield code='h'>N40.A63 1992 Bd. 79</subfield><subfield code='0'>16222528</subfield><subfield code='b'>scsbnypl</subfield></datafield><datafield ind1=' ' ind2=' ' tag='866'><subfield code='a'>Bd. 79</subfield><subfield code='0'>16222528</subfield></datafield><datafield ind1=' ' ind2=' ' tag='876'><subfield code='0'>16222528</subfield><subfield code='3'>Bd. 79</subfield><subfield code='a'>22940889</subfield><subfield code='h'>In Library Use</subfield><subfield code='j'>Available</subfield><subfield code='p'>33433101040461</subfield><subfield code='t'>1</subfield><subfield code='x'>Shared</subfield><subfield code='z'>NA</subfield><subfield code='l'>RECAP</subfield></datafield><datafield ind1='8' ind2=' ' tag='852'><subfield code='h'>N40.A63 1992 Bd. 98</subfield><subfield code='0'>16222530</subfield><subfield code='b'>scsbnypl</subfield></datafield><datafield ind1=' ' ind2=' ' tag='866'><subfield code='a'>Bd. 98</subfield><subfield code='0'>16222530</subfield></datafield><datafield ind1=' ' ind2=' ' tag='876'><subfield code='0'>16222530</subfield><subfield code='3'>Bd. 98</subfield><subfield code='a'>22940891</subfield><subfield code='h'>In Library Use</subfield><subfield code='j'>Available</subfield><subfield code='p'>33433121610871</subfield><subfield code='t'>1</subfield><subfield code='x'>Shared</subfield><subfield code='z'>NA</subfield><subfield code='l'>RECAP</subfield></datafield><datafield ind1='8' ind2=' ' tag='852'><subfield code='h'>N40.A63 1992 Bd. 99</subfield><subfield code='0'>16222546</subfield><subfield code='b'>scsbnypl</subfield></datafield><datafield ind1=' ' ind2=' ' tag='866'><subfield code='a'>Bd. 99</subfield><subfield code='0'>16222546</subfield></datafield><datafield ind1=' ' ind2=' ' tag='876'><subfield code='0'>16222546</subfield><subfield code='3'>Bd. 99</subfield><subfield code='a'>22940907</subfield><subfield code='h'>In Library Use</subfield><subfield code='j'>Available</subfield><subfield code='p'>33433121611283</subfield><subfield code='t'>1</subfield><subfield code='x'>Shared</subfield><subfield code='z'>NA</subfield><subfield code='l'>RECAP</subfield></datafield><datafield ind1='8' ind2=' ' tag='852'><subfield code='h'>N40.A63 1992 Register Bd. 51-60, T. 2</subfield><subfield code='0'>16222548</subfield><subfield code='b'>scsbnypl</subfield></datafield><datafield ind1=' ' ind2=' ' tag='866'><subfield code='a'>Register Bd. 51-60, T. 2</subfield><subfield code='0'>16222548</subfield></datafield><datafield ind1=' ' ind2=' ' tag='876'><subfield code='0'>16222548</subfield><subfield code='3'>Register Bd. 51-60, T. 2</subfield><subfield code='a'>22940909</subfield><subfield code='h'>In Library Use</subfield><subfield code='j'>Available</subfield><subfield code='p'>33433085363764</subfield><subfield code='t'>1</subfield><subfield code='x'>Shared</subfield><subfield code='z'>NA</subfield><subfield code='l'>RECAP</subfield></datafield><datafield ind1='8' ind2=' ' tag='852'><subfield code='h'>N40.A63 1992 Bd. 74</subfield><subfield code='0'>16222554</subfield><subfield code='b'>scsbnypl</subfield></datafield><datafield ind1=' ' ind2=' ' tag='866'><subfield code='a'>Bd. 74</subfield><subfield code='0'>16222554</subfield></datafield><datafield ind1=' ' ind2=' ' tag='876'><subfield code='0'>16222554</subfield><subfield code='3'>Bd. 74</subfield><subfield code='a'>22940915</subfield><subfield code='h'>In Library Use</subfield><subfield code='j'>Available</subfield><subfield code='p'>33433101092702</subfield><subfield code='t'>1</subfield><subfield code='x'>Shared</subfield><subfield code='z'>NA</subfield><subfield code='l'>RECAP</subfield></datafield><datafield ind1='8' ind2=' ' tag='852'><subfield code='h'>N40.A63 1992 Bd. 75</subfield><subfield code='0'>16222559</subfield><subfield code='b'>scsbnypl</subfield></datafield><datafield ind1=' ' ind2=' ' tag='866'><subfield code='a'>Bd. 75</subfield><subfield code='0'>16222559</subfield></datafield><datafield ind1=' ' ind2=' ' tag='876'><subfield code='0'>16222559</subfield><subfield code='3'>Bd. 75</subfield><subfield code='a'>22940920</subfield><subfield code='h'>In Library Use</subfield><subfield code='j'>Available</subfield><subfield code='p'>33433101092710</subfield><subfield code='t'>1</subfield><subfield code='x'>Shared</subfield><subfield code='z'>NA</subfield><subfield code='l'>RECAP</subfield></datafield><datafield ind1='8' ind2=' ' tag='852'><subfield code='h'>N40.A63 1992 Bd. 78</subfield><subfield code='0'>16222560</subfield><subfield code='b'>scsbnypl</subfield></datafield><datafield ind1=' ' ind2=' ' tag='866'><subfield code='a'>Bd. 78</subfield><subfield code='0'>16222560</subfield></datafield><datafield ind1=' ' ind2=' ' tag='876'><subfield code='0'>16222560</subfield><subfield code='3'>Bd. 78</subfield><subfield code='a'>22940921</subfield><subfield code='h'>In Library Use</subfield><subfield code='j'>Available</subfield><subfield code='p'>33433101040560</subfield><subfield code='t'>1</subfield><subfield code='x'>Shared</subfield><subfield code='z'>NA</subfield><subfield code='l'>RECAP</subfield></datafield><datafield ind1='8' ind2=' ' tag='852'><subfield code='h'>N40.A63 1992 Register Bd. 111-119, T. 1 (Lander)</subfield><subfield code='0'>16222561</subfield><subfield code='b'>scsbnypl</subfield></datafield><datafield ind1=' ' ind2=' ' tag='866'><subfield code='a'>Register Bd. 111-119, T. 1 (Lander)</subfield><subfield code='0'>16222561</subfield></datafield><datafield ind1=' ' ind2=' ' tag='876'><subfield code='0'>16222561</subfield><subfield code='3'>Register Bd. 111-119, T. 1 (Lander)</subfield><subfield code='a'>22940922</subfield><subfield code='h'>In Library Use</subfield><subfield code='j'>Available</subfield><subfield code='p'>33433136208299</subfield><subfield code='t'>1</subfield><subfield code='x'>Shared</subfield><subfield code='z'>NA</subfield><subfield code='l'>RECAP</subfield></datafield><datafield ind1='8' ind2=' ' tag='852'><subfield code='h'>N40.A63 1992 Register Bd. 111-119, T. 2 (Kunstlerische Berufe)</subfield><subfield code='0'>16222562</subfield><subfield code='b'>scsbnypl</subfield></datafield><datafield ind1=' ' ind2=' ' tag='866'><subfield code='a'>Register Bd. 111-119, T. 2 (Kunstlerische Berufe)</subfield><subfield code='0'>16222562</subfield></datafield><datafield ind1=' ' ind2=' ' tag='876'><subfield code='0'>16222562</subfield><subfield code='3'>Register Bd. 111-119, T. 2 (Kunstlerische Berufe)</subfield><subfield code='a'>22940923</subfield><subfield code='h'>In Library Use</subfield><subfield code='j'>Available</subfield><subfield code='p'>33433136208281</subfield><subfield code='t'>1</subfield><subfield code='x'>Shared</subfield><subfield code='z'>NA</subfield><subfield code='l'>RECAP</subfield></datafield><datafield ind1='8' ind2=' ' tag='852'><subfield code='h'>N40.A63 1992 Bd. 82</subfield><subfield code='0'>16222564</subfield><subfield code='b'>scsbnypl</subfield></datafield><datafield ind1=' ' ind2=' ' tag='866'><subfield code='a'>Bd. 82</subfield><subfield code='0'>16222564</subfield></datafield><datafield ind1=' ' ind2=' ' tag='876'><subfield code='0'>16222564</subfield><subfield code='3'>Bd. 82</subfield><subfield code='a'>22940925</subfield><subfield code='h'>In Library Use</subfield><subfield code='j'>Available</subfield><subfield code='p'>33433111848390</subfield><subfield code='t'>1</subfield><subfield code='x'>Shared</subfield><subfield code='z'>NA</subfield><subfield code='l'>RECAP</subfield></datafield><datafield ind1='8' ind2=' ' tag='852'><subfield code='h'>N40.A63 1992 Bd. 72</subfield><subfield code='0'>16222569</subfield><subfield code='b'>scsbnypl</subfield></datafield><datafield ind1=' ' ind2=' ' tag='866'><subfield code='a'>Bd. 72</subfield><subfield code='0'>16222569</subfield></datafield><datafield ind1=' ' ind2=' ' tag='876'><subfield code='0'>16222569</subfield><subfield code='3'>Bd. 72</subfield><subfield code='a'>22940930</subfield><subfield code='h'>In Library Use</subfield><subfield code='j'>Available</subfield><subfield code='p'>33433091278303</subfield><subfield code='t'>1</subfield><subfield code='x'>Shared</subfield><subfield code='z'>NA</subfield><subfield code='l'>RECAP</subfield></datafield><datafield ind1='8' ind2=' ' tag='852'><subfield code='h'>N40.A63 1992 Bd. 51</subfield><subfield code='0'>16222572</subfield><subfield code='b'>scsbnypl</subfield></datafield><datafield ind1=' ' ind2=' ' tag='866'><subfield code='a'>Bd. 51</subfield><subfield code='0'>16222572</subfield></datafield><datafield ind1=' ' ind2=' ' tag='876'><subfield code='0'>16222572</subfield><subfield code='3'>Bd. 51</subfield><subfield code='a'>22940933</subfield><subfield code='h'>In Library Use</subfield><subfield code='j'>Available</subfield><subfield code='p'>33433077094765</subfield><subfield code='t'>1</subfield><subfield code='x'>Shared</subfield><subfield code='z'>NA</subfield><subfield code='l'>RECAP</subfield></datafield><datafield ind1='8' ind2=' ' tag='852'><subfield code='h'>N40.A63 1992 Bd. 52</subfield><subfield code='0'>16222574</subfield><subfield code='b'>scsbnypl</subfield></datafield><datafield ind1=' ' ind2=' ' tag='866'><subfield code='a'>Bd. 52</subfield><subfield code='0'>16222574</subfield></datafield><datafield ind1=' ' ind2=' ' tag='876'><subfield code='0'>16222574</subfield><subfield code='3'>Bd. 52</subfield><subfield code='a'>22940935</subfield><subfield code='h'>In Library Use</subfield><subfield code='j'>Available</subfield><subfield code='p'>33433077094773</subfield><subfield code='t'>1</subfield><subfield code='x'>Shared</subfield><subfield code='z'>NA</subfield><subfield code='l'>RECAP</subfield></datafield><datafield ind1='8' ind2=' ' tag='852'><subfield code='h'>N40.A63 1992 Bd. 68</subfield><subfield code='0'>16222575</subfield><subfield code='b'>scsbnypl</subfield></datafield><datafield ind1=' ' ind2=' ' tag='866'><subfield code='a'>Bd. 68</subfield><subfield code='0'>16222575</subfield></datafield><datafield ind1=' ' ind2=' ' tag='876'><subfield code='0'>16222575</subfield><subfield code='3'>Bd. 68</subfield><subfield code='a'>22940936</subfield><subfield code='h'>In Library Use</subfield><subfield code='j'>Available</subfield><subfield code='p'>33433087135764</subfield><subfield code='t'>1</subfield><subfield code='x'>Shared</subfield><subfield code='z'>NA</subfield><subfield code='l'>RECAP</subfield></datafield><datafield ind1='8' ind2=' ' tag='852'><subfield code='h'>N40.A63 1992 Bd. 71</subfield><subfield code='0'>16222577</subfield><subfield code='b'>scsbnypl</subfield></datafield><datafield ind1=' ' ind2=' ' tag='866'><subfield code='a'>Bd. 71</subfield><subfield code='0'>16222577</subfield></datafield><datafield ind1=' ' ind2=' ' tag='876'><subfield code='0'>16222577</subfield><subfield code='3'>Bd. 71</subfield><subfield code='a'>22940938</subfield><subfield code='h'>In Library Use</subfield><subfield code='j'>Available</subfield><subfield code='p'>33433091270938</subfield><subfield code='t'>1</subfield><subfield code='x'>Shared</subfield><subfield code='z'>NA</subfield><subfield code='l'>RECAP</subfield></datafield><datafield ind1='8' ind2=' ' tag='852'><subfield code='h'>N40.A63 1992 Register Bd. 41-50, T. 2</subfield><subfield code='0'>16222585</subfield><subfield code='b'>scsbnypl</subfield></datafield><datafield ind1=' ' ind2=' ' tag='866'><subfield code='a'>Register Bd. 41-50, T. 2</subfield><subfield code='0'>16222585</subfield></datafield><datafield ind1=' ' ind2=' ' tag='876'><subfield code='0'>16222585</subfield><subfield code='3'>Register Bd. 41-50, T. 2</subfield><subfield code='a'>22940946</subfield><subfield code='h'>In Library Use</subfield><subfield code='j'>Available</subfield><subfield code='p'>33433070561281</subfield><subfield code='t'>1</subfield><subfield code='x'>Shared</subfield><subfield code='z'>NA</subfield><subfield code='l'>RECAP</subfield></datafield><datafield ind1='8' ind2=' ' tag='852'><subfield code='h'>N40.A63 1992 Bd. 81</subfield><subfield code='0'>16222589</subfield><subfield code='b'>scsbnypl</subfield></datafield><datafield ind1=' ' ind2=' ' tag='866'><subfield code='a'>Bd. 81</subfield><subfield code='0'>16222589</subfield></datafield><datafield ind1=' ' ind2=' ' tag='876'><subfield code='0'>16222589</subfield><subfield code='3'>Bd. 81</subfield><subfield code='a'>22940950</subfield><subfield code='h'>In Library Use</subfield><subfield code='j'>Available</subfield><subfield code='p'>33433101044547</subfield><subfield code='t'>1</subfield><subfield code='x'>Shared</subfield><subfield code='z'>NA</subfield><subfield code='l'>RECAP</subfield></datafield><datafield ind1='8' ind2=' ' tag='852'><subfield code='h'>N40.A63 1992 Bd. 84</subfield><subfield code='0'>16222590</subfield><subfield code='b'>scsbnypl</subfield></datafield><datafield ind1=' ' ind2=' ' tag='866'><subfield code='a'>Bd. 84</subfield><subfield code='0'>16222590</subfield></datafield><datafield ind1=' ' ind2=' ' tag='876'><subfield code='0'>16222590</subfield><subfield code='3'>Bd. 84</subfield><subfield code='a'>22940951</subfield><subfield code='h'>In Library Use</subfield><subfield code='j'>Available</subfield><subfield code='p'>33433113598720</subfield><subfield code='t'>1</subfield><subfield code='x'>Shared</subfield><subfield code='z'>NA</subfield><subfield code='l'>RECAP</subfield></datafield><datafield ind1='8' ind2=' ' tag='852'><subfield code='h'>N40.A63 1992 Bd. 53</subfield><subfield code='0'>16222593</subfield><subfield code='b'>scsbnypl</subfield></datafield><datafield ind1=' ' ind2=' ' tag='866'><subfield code='a'>Bd. 53</subfield><subfield code='0'>16222593</subfield></datafield><datafield ind1=' ' ind2=' ' tag='876'><subfield code='0'>16222593</subfield><subfield code='3'>Bd. 53</subfield><subfield code='a'>22940954</subfield><subfield code='h'>In Library Use</subfield><subfield code='j'>Available</subfield><subfield code='p'>33433077107211</subfield><subfield code='t'>1</subfield><subfield code='x'>Shared</subfield><subfield code='z'>NA</subfield><subfield code='l'>RECAP</subfield></datafield><datafield ind1='8' ind2=' ' tag='852'><subfield code='h'>N40.A63 1992 Register Bd. 71-80, T. 2 (Kunstlerische Berufe)</subfield><subfield code='0'>16222608</subfield><subfield code='b'>scsbnypl</subfield></datafield><datafield ind1=' ' ind2=' ' tag='866'><subfield code='a'>Register Bd. 71-80, T. 2 (Kunstlerische Berufe)</subfield><subfield code='0'>16222608</subfield></datafield><datafield ind1=' ' ind2=' ' tag='876'><subfield code='0'>16222608</subfield><subfield code='3'>Register Bd. 71-80, T. 2 (Kunstlerische Berufe)</subfield><subfield code='a'>22940969</subfield><subfield code='h'>In Library Use</subfield><subfield code='j'>Available</subfield><subfield code='p'>33433101069700</subfield><subfield code='t'>1</subfield><subfield code='x'>Shared</subfield><subfield code='z'>NA</subfield><subfield code='l'>RECAP</subfield></datafield><datafield ind1='8' ind2=' ' tag='852'><subfield code='h'>N40.A63 1992 Bd. 70</subfield><subfield code='0'>16222609</subfield><subfield code='b'>scsbnypl</subfield></datafield><datafield ind1=' ' ind2=' ' tag='866'><subfield code='a'>Bd. 70</subfield><subfield code='0'>16222609</subfield></datafield><datafield ind1=' ' ind2=' ' tag='876'><subfield code='0'>16222609</subfield><subfield code='3'>Bd. 70</subfield><subfield code='a'>22940970</subfield><subfield code='h'>In Library Use</subfield><subfield code='j'>Available</subfield><subfield code='p'>33433091270979</subfield><subfield code='t'>1</subfield><subfield code='x'>Shared</subfield><subfield code='z'>NA</subfield><subfield code='l'>RECAP</subfield></datafield><datafield ind1='8' ind2=' ' tag='852'><subfield code='h'>N40.A63 1992 Bd. 57</subfield><subfield code='0'>16222610</subfield><subfield code='b'>scsbnypl</subfield></datafield><datafield ind1=' ' ind2=' ' tag='866'><subfield code='a'>Bd. 57</subfield><subfield code='0'>16222610</subfield></datafield><datafield ind1=' ' ind2=' ' tag='876'><subfield code='0'>16222610</subfield><subfield code='3'>Bd. 57</subfield><subfield code='a'>22940971</subfield><subfield code='h'>In Library Use</subfield><subfield code='j'>Available</subfield><subfield code='p'>33433074628029</subfield><subfield code='t'>1</subfield><subfield code='x'>Shared</subfield><subfield code='z'>NA</subfield><subfield code='l'>RECAP</subfield></datafield><datafield ind1='8' ind2=' ' tag='852'><subfield code='h'>N40.A63 1992 Bd. 73</subfield><subfield code='0'>16222611</subfield><subfield code='b'>scsbnypl</subfield></datafield><datafield ind1=' ' ind2=' ' tag='866'><subfield code='a'>Bd. 73</subfield><subfield code='0'>16222611</subfield></datafield><datafield ind1=' ' ind2=' ' tag='876'><subfield code='0'>16222611</subfield><subfield code='3'>Bd. 73</subfield><subfield code='a'>22940972</subfield><subfield code='h'>In Library Use</subfield><subfield code='j'>Available</subfield><subfield code='p'>33433091278345</subfield><subfield code='t'>1</subfield><subfield code='x'>Shared</subfield><subfield code='z'>NA</subfield><subfield code='l'>RECAP</subfield></datafield><datafield ind1='8' ind2=' ' tag='852'><subfield code='h'>N40.A63 1992 Register Bd. 61-70, T. 2</subfield><subfield code='0'>16222612</subfield><subfield code='b'>scsbnypl</subfield></datafield><datafield ind1=' ' ind2=' ' tag='866'><subfield code='a'>Register Bd. 61-70, T. 2</subfield><subfield code='0'>16222612</subfield></datafield><datafield ind1=' ' ind2=' ' tag='876'><subfield code='0'>16222612</subfield><subfield code='3'>Register Bd. 61-70, T. 2</subfield><subfield code='a'>22940973</subfield><subfield code='h'>In Library Use</subfield><subfield code='j'>Available</subfield><subfield code='p'>33433091277925</subfield><subfield code='t'>1</subfield><subfield code='x'>Shared</subfield><subfield code='z'>NA</subfield><subfield code='l'>RECAP</subfield></datafield><datafield ind1='8' ind2=' ' tag='852'><subfield code='h'>N40.A63 1992 Bd. 58</subfield><subfield code='0'>16222624</subfield><subfield code='b'>scsbnypl</subfield></datafield><datafield ind1=' ' ind2=' ' tag='866'><subfield code='a'>Bd. 58</subfield><subfield code='0'>16222624</subfield></datafield><datafield ind1=' ' ind2=' ' tag='876'><subfield code='0'>16222624</subfield><subfield code='3'>Bd. 58</subfield><subfield code='a'>22940985</subfield><subfield code='h'>In Library Use</subfield><subfield code='j'>Available</subfield><subfield code='p'>33433074628037</subfield><subfield code='t'>1</subfield><subfield code='x'>Shared</subfield><subfield code='z'>NA</subfield><subfield code='l'>RECAP</subfield></datafield><datafield ind1='8' ind2=' ' tag='852'><subfield code='h'>N40.A63 1992 Bd. 62</subfield><subfield code='0'>16222628</subfield><subfield code='b'>scsbnypl</subfield></datafield><datafield ind1=' ' ind2=' ' tag='866'><subfield code='a'>Bd. 62</subfield><subfield code='0'>16222628</subfield></datafield><datafield ind1=' ' ind2=' ' tag='876'><subfield code='0'>16222628</subfield><subfield code='3'>Bd. 62</subfield><subfield code='a'>22940989</subfield><subfield code='h'>In Library Use</subfield><subfield code='j'>Available</subfield><subfield code='p'>33433086339342</subfield><subfield code='t'>1</subfield><subfield code='x'>Shared</subfield><subfield code='z'>NA</subfield><subfield code='l'>RECAP</subfield></datafield><datafield ind1='8' ind2=' ' tag='852'><subfield code='h'>N40.A63 1992 Register Bd. 61-70, T. 1</subfield><subfield code='0'>16222646</subfield><subfield code='b'>scsbnypl</subfield></datafield><datafield ind1=' ' ind2=' ' tag='866'><subfield code='a'>Register Bd. 61-70, T. 1</subfield><subfield code='0'>16222646</subfield></datafield><datafield ind1=' ' ind2=' ' tag='876'><subfield code='0'>16222646</subfield><subfield code='3'>Register Bd. 61-70, T. 1</subfield><subfield code='a'>22941007</subfield><subfield code='h'>In Library Use</subfield><subfield code='j'>Available</subfield><subfield code='p'>33433091277958</subfield><subfield code='t'>1</subfield><subfield code='x'>Shared</subfield><subfield code='z'>NA</subfield><subfield code='l'>RECAP</subfield></datafield><datafield ind1='8' ind2=' ' tag='852'><subfield code='h'>N40.A63 1992 Bd. 76</subfield><subfield code='0'>16222657</subfield><subfield code='b'>scsbnypl</subfield></datafield><datafield ind1=' ' ind2=' ' tag='866'><subfield code='a'>Bd. 76</subfield><subfield code='0'>16222657</subfield></datafield><datafield ind1=' ' ind2=' ' tag='876'><subfield code='0'>16222657</subfield><subfield code='3'>Bd. 76</subfield><subfield code='a'>22941018</subfield><subfield code='h'>In Library Use</subfield><subfield code='j'>Available</subfield><subfield code='p'>33433101097446</subfield><subfield code='t'>1</subfield><subfield code='x'>Shared</subfield><subfield code='z'>NA</subfield><subfield code='l'>RECAP</subfield></datafield><datafield ind1='8' ind2=' ' tag='852'><subfield code='h'>N40.A63 1992 Bd. 100</subfield><subfield code='0'>16222658</subfield><subfield code='b'>scsbnypl</subfield></datafield><datafield ind1=' ' ind2=' ' tag='866'><subfield code='a'>Bd. 100</subfield><subfield code='0'>16222658</subfield></datafield><datafield ind1=' ' ind2=' ' tag='876'><subfield code='0'>16222658</subfield><subfield code='3'>Bd. 100</subfield><subfield code='a'>22941019</subfield><subfield code='h'>In Library Use</subfield><subfield code='j'>Available</subfield><subfield code='p'>33433121651412</subfield><subfield code='t'>1</subfield><subfield code='x'>Shared</subfield><subfield code='z'>NA</subfield><subfield code='l'>RECAP</subfield></datafield><datafield ind1='8' ind2=' ' tag='852'><subfield code='h'>N40.A63 1992 Bd. 77</subfield><subfield code='0'>16222659</subfield><subfield code='b'>scsbnypl</subfield></datafield><datafield ind1=' ' ind2=' ' tag='866'><subfield code='a'>Bd. 77</subfield><subfield code='0'>16222659</subfield></datafield><datafield ind1=' ' ind2=' ' tag='876'><subfield code='0'>16222659</subfield><subfield code='3'>Bd. 77</subfield><subfield code='a'>22941020</subfield><subfield code='h'>In Library Use</subfield><subfield code='j'>Available</subfield><subfield code='p'>33433101097453</subfield><subfield code='t'>1</subfield><subfield code='x'>Shared</subfield><subfield code='z'>NA</subfield><subfield code='l'>RECAP</subfield></datafield><datafield ind1='8' ind2=' ' tag='852'><subfield code='h'>N40.A63 1992 Bd. 83</subfield><subfield code='0'>16222660</subfield><subfield code='b'>scsbnypl</subfield></datafield><datafield ind1=' ' ind2=' ' tag='866'><subfield code='a'>Bd. 83</subfield><subfield code='0'>16222660</subfield></datafield><datafield ind1=' ' ind2=' ' tag='876'><subfield code='0'>16222660</subfield><subfield code='3'>Bd. 83</subfield><subfield code='a'>22941021</subfield><subfield code='h'>In Library Use</subfield><subfield code='j'>Available</subfield><subfield code='p'>33433111848374</subfield><subfield code='t'>1</subfield><subfield code='x'>Shared</subfield><subfield code='z'>NA</subfield><subfield code='l'>RECAP</subfield></datafield><datafield ind1='8' ind2=' ' tag='852'><subfield code='h'>N40.A63 1992 Bd. 61</subfield><subfield code='0'>16222661</subfield><subfield code='b'>scsbnypl</subfield></datafield><datafield ind1=' ' ind2=' ' tag='866'><subfield code='a'>Bd. 61</subfield><subfield code='0'>16222661</subfield></datafield><datafield ind1=' ' ind2=' ' tag='876'><subfield code='0'>16222661</subfield><subfield code='3'>Bd. 61</subfield><subfield code='a'>22941022</subfield><subfield code='h'>In Library Use</subfield><subfield code='j'>Available</subfield><subfield code='p'>33433086339334</subfield><subfield code='t'>1</subfield><subfield code='x'>Shared</subfield><subfield code='z'>NA</subfield><subfield code='l'>RECAP</subfield></datafield><datafield ind1='8' ind2=' ' tag='852'><subfield code='h'>N40.A63 1992 Bd. 80</subfield><subfield code='0'>16222662</subfield><subfield code='b'>scsbnypl</subfield></datafield><datafield ind1=' ' ind2=' ' tag='866'><subfield code='a'>Bd. 80</subfield><subfield code='0'>16222662</subfield></datafield><datafield ind1=' ' ind2=' ' tag='876'><subfield code='0'>16222662</subfield><subfield code='3'>Bd. 80</subfield><subfield code='a'>22941023</subfield><subfield code='h'>In Library Use</subfield><subfield code='j'>Available</subfield><subfield code='p'>33433101045023</subfield><subfield code='t'>1</subfield><subfield code='x'>Shared</subfield><subfield code='z'>NA</subfield><subfield code='l'>RECAP</subfield></datafield><datafield ind1='8' ind2=' ' tag='852'><subfield code='h'>N40.A63 1992 Bd. 59</subfield><subfield code='0'>16222663</subfield><subfield code='b'>scsbnypl</subfield></datafield><datafield ind1=' ' ind2=' ' tag='866'><subfield code='a'>Bd. 59</subfield><subfield code='0'>16222663</subfield></datafield><datafield ind1=' ' ind2=' ' tag='876'><subfield code='0'>16222663</subfield><subfield code='3'>Bd. 59</subfield><subfield code='a'>22941024</subfield><subfield code='h'>In Library Use</subfield><subfield code='j'>Available</subfield><subfield code='p'>33433074633813</subfield><subfield code='t'>1</subfield><subfield code='x'>Shared</subfield><subfield code='z'>NA</subfield><subfield code='l'>RECAP</subfield></datafield><datafield ind1='8' ind2=' ' tag='852'><subfield code='h'>N40.A63 1992 Bd. 67</subfield><subfield code='0'>16222664</subfield><subfield code='b'>scsbnypl</subfield></datafield><datafield ind1=' ' ind2=' ' tag='866'><subfield code='a'>Bd. 67</subfield><subfield code='0'>16222664</subfield></datafield><datafield ind1=' ' ind2=' ' tag='876'><subfield code='0'>16222664</subfield><subfield code='3'>Bd. 67</subfield><subfield code='a'>22941025</subfield><subfield code='h'>In Library Use</subfield><subfield code='j'>Available</subfield><subfield code='p'>33433087144048</subfield><subfield code='t'>1</subfield><subfield code='x'>Shared</subfield><subfield code='z'>NA</subfield><subfield code='l'>RECAP</subfield></datafield><datafield ind1='8' ind2=' ' tag='852'><subfield code='h'>N40.A63 1992 Bd. 94</subfield><subfield code='0'>16222665</subfield><subfield code='b'>scsbnypl</subfield></datafield><datafield ind1=' ' ind2=' ' tag='866'><subfield code='a'>Bd. 94</subfield><subfield code='0'>16222665</subfield></datafield><datafield ind1=' ' ind2=' ' tag='876'><subfield code='0'>16222665</subfield><subfield code='3'>Bd. 94</subfield><subfield code='a'>22941026</subfield><subfield code='h'>In Library Use</subfield><subfield code='j'>Available</subfield><subfield code='p'>33433119515454</subfield><subfield code='t'>1</subfield><subfield code='x'>Shared</subfield><subfield code='z'>NA</subfield><subfield code='l'>RECAP</subfield></datafield><datafield ind1='8' ind2=' ' tag='852'><subfield code='h'>N40.A63 1992 Register Bd. 41-50, T. 1</subfield><subfield code='0'>16222669</subfield><subfield code='b'>scsbnypl</subfield></datafield><datafield ind1=' ' ind2=' ' tag='866'><subfield code='a'>Register Bd. 41-50, T. 1</subfield><subfield code='0'>16222669</subfield></datafield><datafield ind1=' ' ind2=' ' tag='876'><subfield code='0'>16222669</subfield><subfield code='3'>Register Bd. 41-50, T. 1</subfield><subfield code='a'>22941030</subfield><subfield code='h'>In Library Use</subfield><subfield code='j'>Available</subfield><subfield code='p'>33433070561307</subfield><subfield code='t'>1</subfield><subfield code='x'>Shared</subfield><subfield code='z'>NA</subfield><subfield code='l'>RECAP</subfield></datafield><datafield ind1='8' ind2=' ' tag='852'><subfield code='h'>N40.A63 1992 Bd. 55</subfield><subfield code='0'>16222670</subfield><subfield code='b'>scsbnypl</subfield></datafield><datafield ind1=' ' ind2=' ' tag='866'><subfield code='a'>Bd. 55</subfield><subfield code='0'>16222670</subfield></datafield><datafield ind1=' ' ind2=' ' tag='876'><subfield code='0'>16222670</subfield><subfield code='3'>Bd. 55</subfield><subfield code='a'>22941031</subfield><subfield code='h'>In Library Use</subfield><subfield code='j'>Available</subfield><subfield code='p'>33433077095333</subfield><subfield code='t'>1</subfield><subfield code='x'>Shared</subfield><subfield code='z'>NA</subfield><subfield code='l'>RECAP</subfield></datafield><datafield ind1='8' ind2=' ' tag='852'><subfield code='h'>N40.A63 1992 Bd. 60</subfield><subfield code='0'>16222672</subfield><subfield code='b'>scsbnypl</subfield></datafield><datafield ind1=' ' ind2=' ' tag='866'><subfield code='a'>Bd. 60</subfield><subfield code='0'>16222672</subfield></datafield><datafield ind1=' ' ind2=' ' tag='876'><subfield code='0'>16222672</subfield><subfield code='3'>Bd. 60</subfield><subfield code='a'>22941033</subfield><subfield code='h'>In Library Use</subfield><subfield code='j'>Available</subfield><subfield code='p'>33433074633821</subfield><subfield code='t'>1</subfield><subfield code='x'>Shared</subfield><subfield code='z'>NA</subfield><subfield code='l'>RECAP</subfield></datafield><datafield ind1='8' ind2=' ' tag='852'><subfield code='h'>N40.A63 1992 Bd. 56</subfield><subfield code='0'>16222683</subfield><subfield code='b'>scsbnypl</subfield></datafield><datafield ind1=' ' ind2=' ' tag='866'><subfield code='a'>Bd. 56</subfield><subfield code='0'>16222683</subfield></datafield><datafield ind1=' ' ind2=' ' tag='876'><subfield code='0'>16222683</subfield><subfield code='3'>Bd. 56</subfield><subfield code='a'>22941044</subfield><subfield code='h'>In Library Use</subfield><subfield code='j'>Available</subfield><subfield code='p'>33433077095341</subfield><subfield code='t'>1</subfield><subfield code='x'>Shared</subfield><subfield code='z'>NA</subfield><subfield code='l'>RECAP</subfield></datafield><datafield ind1='8' ind2=' ' tag='852'><subfield code='h'>N40.A63 1992 Bd. 106</subfield><subfield code='0'>16222751</subfield><subfield code='b'>scsbnypl</subfield></datafield><datafield ind1=' ' ind2=' ' tag='866'><subfield code='a'>Bd. 106</subfield><subfield code='0'>16222751</subfield></datafield><datafield ind1=' ' ind2=' ' tag='876'><subfield code='0'>16222751</subfield><subfield code='3'>Bd. 106</subfield><subfield code='a'>22941220</subfield><subfield code='h'>In Library Use</subfield><subfield code='j'>Available</subfield><subfield code='p'>33433129838813</subfield><subfield code='t'>1</subfield><subfield code='x'>Shared</subfield><subfield code='z'>NA</subfield><subfield code='l'>RECAP</subfield></datafield><datafield ind1='8' ind2=' ' tag='852'><subfield code='h'>N40.A63 1992 Register Bd. 91-100 (Lander)</subfield><subfield code='0'>16222752</subfield><subfield code='b'>scsbnypl</subfield></datafield><datafield ind1=' ' ind2=' ' tag='866'><subfield code='a'>Register Bd. 91-100 (Lander)</subfield><subfield code='0'>16222752</subfield></datafield><datafield ind1=' ' ind2=' ' tag='876'><subfield code='0'>16222752</subfield><subfield code='3'>Register Bd. 91-100 (Lander)</subfield><subfield code='a'>22941221</subfield><subfield code='h'>In Library Use</subfield><subfield code='j'>Available</subfield><subfield code='p'>33433121658524</subfield><subfield code='t'>1</subfield><subfield code='x'>Shared</subfield><subfield code='z'>NA</subfield><subfield code='l'>RECAP</subfield></datafield><datafield ind1='8' ind2=' ' tag='852'><subfield code='h'>N40.A63 1992 Register Bd. 1-10, T. 2</subfield><subfield code='0'>16222753</subfield><subfield code='b'>scsbnypl</subfield></datafield><datafield ind1=' ' ind2=' ' tag='866'><subfield code='a'>Register Bd. 1-10, T. 2</subfield><subfield code='0'>16222753</subfield></datafield><datafield ind1=' ' ind2=' ' tag='876'><subfield code='0'>16222753</subfield><subfield code='3'>Register Bd. 1-10, T. 2</subfield><subfield code='a'>22941222</subfield><subfield code='h'>In Library Use</subfield><subfield code='j'>Available</subfield><subfield code='p'>33433062421528</subfield><subfield code='t'>1</subfield><subfield code='x'>Shared</subfield><subfield code='z'>NA</subfield><subfield code='l'>RECAP</subfield></datafield><datafield ind1='8' ind2=' ' tag='852'><subfield code='h'>N40.A63 1992 Bd. 11</subfield><subfield code='0'>16222754</subfield><subfield code='b'>scsbnypl</subfield></datafield><datafield ind1=' ' ind2=' ' tag='866'><subfield code='a'>Bd. 11</subfield><subfield code='0'>16222754</subfield></datafield><datafield ind1=' ' ind2=' ' tag='876'><subfield code='0'>16222754</subfield><subfield code='3'>Bd. 11</subfield><subfield code='a'>22941223</subfield><subfield code='h'>In Library Use</subfield><subfield code='j'>Available</subfield><subfield code='p'>33433062421536</subfield><subfield code='t'>1</subfield><subfield code='x'>Shared</subfield><subfield code='z'>NA</subfield><subfield code='l'>RECAP</subfield></datafield><datafield ind1='8' ind2=' ' tag='852'><subfield code='h'>N40.A63 1992 Bd. 104</subfield><subfield code='0'>16222755</subfield><subfield code='b'>scsbnypl</subfield></datafield><datafield ind1=' ' ind2=' ' tag='866'><subfield code='a'>Bd. 104</subfield><subfield code='0'>16222755</subfield></datafield><datafield ind1=' ' ind2=' ' tag='876'><subfield code='0'>16222755</subfield><subfield code='3'>Bd. 104</subfield><subfield code='a'>22941224</subfield><subfield code='h'>In Library Use</subfield><subfield code='j'>Available</subfield><subfield code='p'>33433129031005</subfield><subfield code='t'>1</subfield><subfield code='x'>Shared</subfield><subfield code='z'>NA</subfield><subfield code='l'>RECAP</subfield></datafield><datafield ind1='8' ind2=' ' tag='852'><subfield code='h'>N40.A63 1992 Register Bd. 11-20, T. 2</subfield><subfield code='0'>16222756</subfield><subfield code='b'>scsbnypl</subfield></datafield><datafield ind1=' ' ind2=' ' tag='866'><subfield code='a'>Register Bd. 11-20, T. 2</subfield><subfield code='0'>16222756</subfield></datafield><datafield ind1=' ' ind2=' ' tag='876'><subfield code='0'>16222756</subfield><subfield code='3'>Register Bd. 11-20, T. 2</subfield><subfield code='a'>22941225</subfield><subfield code='h'>In Library Use</subfield><subfield code='j'>Available</subfield><subfield code='p'>33433062421643</subfield><subfield code='t'>1</subfield><subfield code='x'>Shared</subfield><subfield code='z'>NA</subfield><subfield code='l'>RECAP</subfield></datafield><datafield ind1='8' ind2=' ' tag='852'><subfield code='h'>N40.A63 1992 Register Bd. 21-30, T. 1</subfield><subfield code='0'>16222757</subfield><subfield code='b'>scsbnypl</subfield></datafield><datafield ind1=' ' ind2=' ' tag='866'><subfield code='a'>Register Bd. 21-30, T. 1</subfield><subfield code='0'>16222757</subfield></datafield><datafield ind1=' ' ind2=' ' tag='876'><subfield code='0'>16222757</subfield><subfield code='3'>Register Bd. 21-30, T. 1</subfield><subfield code='a'>22941226</subfield><subfield code='h'>In Library Use</subfield><subfield code='j'>Available</subfield><subfield code='p'>33433015921053</subfield><subfield code='t'>1</subfield><subfield code='x'>Shared</subfield><subfield code='z'>NA</subfield><subfield code='l'>RECAP</subfield></datafield><datafield ind1='8' ind2=' ' tag='852'><subfield code='h'>N40.A63 1992 Bd. 9</subfield><subfield code='0'>16222758</subfield><subfield code='b'>scsbnypl</subfield></datafield><datafield ind1=' ' ind2=' ' tag='866'><subfield code='a'>Bd. 9</subfield><subfield code='0'>16222758</subfield></datafield><datafield ind1=' ' ind2=' ' tag='876'><subfield code='0'>16222758</subfield><subfield code='3'>Bd. 9</subfield><subfield code='a'>22941227</subfield><subfield code='h'>In Library Use</subfield><subfield code='j'>Available</subfield><subfield code='p'>33433062421494</subfield><subfield code='t'>1</subfield><subfield code='x'>Shared</subfield><subfield code='z'>NA</subfield><subfield code='l'>RECAP</subfield></datafield><datafield ind1='8' ind2=' ' tag='852'><subfield code='h'>N40.A63 1992 Bd. 116</subfield><subfield code='0'>16222759</subfield><subfield code='b'>scsbnypl</subfield></datafield><datafield ind1=' ' ind2=' ' tag='866'><subfield code='a'>Bd. 116</subfield><subfield code='0'>16222759</subfield></datafield><datafield ind1=' ' ind2=' ' tag='876'><subfield code='0'>16222759</subfield><subfield code='3'>Bd. 116</subfield><subfield code='a'>22941228</subfield><subfield code='h'>In Library Use</subfield><subfield code='j'>Available</subfield><subfield code='p'>33433136204850</subfield><subfield code='t'>1</subfield><subfield code='x'>Shared</subfield><subfield code='z'>NA</subfield><subfield code='l'>RECAP</subfield></datafield><datafield ind1='8' ind2=' ' tag='852'><subfield code='h'>N40.A63 1992 Bd. 96</subfield><subfield code='0'>16222760</subfield><subfield code='b'>scsbnypl</subfield></datafield><datafield ind1=' ' ind2=' ' tag='866'><subfield code='a'>Bd. 96</subfield><subfield code='0'>16222760</subfield></datafield><datafield ind1=' ' ind2=' ' tag='876'><subfield code='0'>16222760</subfield><subfield code='3'>Bd. 96</subfield><subfield code='a'>22941229</subfield><subfield code='h'>In Library Use</subfield><subfield code='j'>Available</subfield><subfield code='p'>33433121618577</subfield><subfield code='t'>1</subfield><subfield code='x'>Shared</subfield><subfield code='z'>NA</subfield><subfield code='l'>RECAP</subfield></datafield><datafield ind1='8' ind2=' ' tag='852'><subfield code='h'>N40.A63 1992 Bd. 1</subfield><subfield code='0'>16222761</subfield><subfield code='b'>scsbnypl</subfield></datafield><datafield ind1=' ' ind2=' ' tag='866'><subfield code='a'>Bd. 1</subfield><subfield code='0'>16222761</subfield></datafield><datafield ind1=' ' ind2=' ' tag='876'><subfield code='0'>16222761</subfield><subfield code='3'>Bd. 1</subfield><subfield code='a'>22941230</subfield><subfield code='h'>In Library Use</subfield><subfield code='j'>Available</subfield><subfield code='p'>33433062421411</subfield><subfield code='t'>1</subfield><subfield code='x'>Shared</subfield><subfield code='z'>NA</subfield><subfield code='l'>RECAP</subfield></datafield><datafield ind1='8' ind2=' ' tag='852'><subfield code='h'>N40.A63 1992 Bd. 21</subfield><subfield code='0'>16222762</subfield><subfield code='b'>scsbnypl</subfield></datafield><datafield ind1=' ' ind2=' ' tag='866'><subfield code='a'>Bd. 21</subfield><subfield code='0'>16222762</subfield></datafield><datafield ind1=' ' ind2=' ' tag='876'><subfield code='0'>16222762</subfield><subfield code='3'>Bd. 21</subfield><subfield code='a'>22941231</subfield><subfield code='h'>In Library Use</subfield><subfield code='j'>Available</subfield><subfield code='p'>33433062421650</subfield><subfield code='t'>1</subfield><subfield code='x'>Shared</subfield><subfield code='z'>NA</subfield><subfield code='l'>RECAP</subfield></datafield><datafield ind1='8' ind2=' ' tag='852'><subfield code='h'>N40.A63 1992 Bd. 89</subfield><subfield code='0'>16222763</subfield><subfield code='b'>scsbnypl</subfield></datafield><datafield ind1=' ' ind2=' ' tag='866'><subfield code='a'>Bd. 89</subfield><subfield code='0'>16222763</subfield></datafield><datafield ind1=' ' ind2=' ' tag='876'><subfield code='0'>16222763</subfield><subfield code='3'>Bd. 89</subfield><subfield code='a'>22941232</subfield><subfield code='h'>In Library Use</subfield><subfield code='j'>Available</subfield><subfield code='p'>33433117122873</subfield><subfield code='t'>1</subfield><subfield code='x'>Shared</subfield><subfield code='z'>NA</subfield><subfield code='l'>RECAP</subfield></datafield><datafield ind1='8' ind2=' ' tag='852'><subfield code='h'>N40.A63 1992 Bd. 93</subfield><subfield code='0'>16222764</subfield><subfield code='b'>scsbnypl</subfield></datafield><datafield ind1=' ' ind2=' ' tag='866'><subfield code='a'>Bd. 93</subfield><subfield code='0'>16222764</subfield></datafield><datafield ind1=' ' ind2=' ' tag='876'><subfield code='0'>16222764</subfield><subfield code='3'>Bd. 93</subfield><subfield code='a'>22941233</subfield><subfield code='h'>In Library Use</subfield><subfield code='j'>Available</subfield><subfield code='p'>33433119515256</subfield><subfield code='t'>1</subfield><subfield code='x'>Shared</subfield><subfield code='z'>NA</subfield><subfield code='l'>RECAP</subfield></datafield><datafield ind1='8' ind2=' ' tag='852'><subfield code='h'>N40.A63 1992 Bd. 115</subfield><subfield code='0'>16222765</subfield><subfield code='b'>scsbnypl</subfield></datafield><datafield ind1=' ' ind2=' ' tag='866'><subfield code='a'>Bd. 115</subfield><subfield code='0'>16222765</subfield></datafield><datafield ind1=' ' ind2=' ' tag='876'><subfield code='0'>16222765</subfield><subfield code='3'>Bd. 115</subfield><subfield code='a'>22941234</subfield><subfield code='h'>In Library Use</subfield><subfield code='j'>Available</subfield><subfield code='p'>33433136204843</subfield><subfield code='t'>1</subfield><subfield code='x'>Shared</subfield><subfield code='z'>NA</subfield><subfield code='l'>RECAP</subfield></datafield><datafield ind1='8' ind2=' ' tag='852'><subfield code='h'>N40.A63 1992 Bd. 90</subfield><subfield code='0'>16222766</subfield><subfield code='b'>scsbnypl</subfield></datafield><datafield ind1=' ' ind2=' ' tag='866'><subfield code='a'>Bd. 90</subfield><subfield code='0'>16222766</subfield></datafield><datafield ind1=' ' ind2=' ' tag='876'><subfield code='0'>16222766</subfield><subfield code='3'>Bd. 90</subfield><subfield code='a'>22941235</subfield><subfield code='h'>In Library Use</subfield><subfield code='j'>Available</subfield><subfield code='p'>33433117122865</subfield><subfield code='t'>1</subfield><subfield code='x'>Shared</subfield><subfield code='z'>NA</subfield><subfield code='l'>RECAP</subfield></datafield><datafield ind1='8' ind2=' ' tag='852'><subfield code='h'>N40.A63 1992 Bd. 88</subfield><subfield code='0'>16222767</subfield><subfield code='b'>scsbnypl</subfield></datafield><datafield ind1=' ' ind2=' ' tag='866'><subfield code='a'>Bd. 88</subfield><subfield code='0'>16222767</subfield></datafield><datafield ind1=' ' ind2=' ' tag='876'><subfield code='0'>16222767</subfield><subfield code='3'>Bd. 88</subfield><subfield code='a'>22941236</subfield><subfield code='h'>In Library Use</subfield><subfield code='j'>Available</subfield><subfield code='p'>33433117122881</subfield><subfield code='t'>1</subfield><subfield code='x'>Shared</subfield><subfield code='z'>NA</subfield><subfield code='l'>RECAP</subfield></datafield><datafield ind1='8' ind2=' ' tag='852'><subfield code='h'>N40.A63 1992 Bd. 105</subfield><subfield code='0'>16222768</subfield><subfield code='b'>scsbnypl</subfield></datafield><datafield ind1=' ' ind2=' ' tag='866'><subfield code='a'>Bd. 105</subfield><subfield code='0'>16222768</subfield></datafield><datafield ind1=' ' ind2=' ' tag='876'><subfield code='0'>16222768</subfield><subfield code='3'>Bd. 105</subfield><subfield code='a'>22941237</subfield><subfield code='h'>In Library Use</subfield><subfield code='j'>Available</subfield><subfield code='p'>33433129251819</subfield><subfield code='t'>1</subfield><subfield code='x'>Shared</subfield><subfield code='z'>NA</subfield><subfield code='l'>RECAP</subfield></datafield><datafield ind1='8' ind2=' ' tag='852'><subfield code='h'>N40.A63 1992 Bd. 32</subfield><subfield code='0'>16222772</subfield><subfield code='b'>scsbnypl</subfield></datafield><datafield ind1=' ' ind2=' ' tag='866'><subfield code='a'>Bd. 32</subfield><subfield code='0'>16222772</subfield></datafield><datafield ind1=' ' ind2=' ' tag='876'><subfield code='0'>16222772</subfield><subfield code='3'>Bd. 32</subfield><subfield code='a'>22941241</subfield><subfield code='h'>In Library Use</subfield><subfield code='j'>Available</subfield><subfield code='p'>33433015909546</subfield><subfield code='t'>1</subfield><subfield code='x'>Shared</subfield><subfield code='z'>NA</subfield><subfield code='l'>RECAP</subfield></datafield><datafield ind1='8' ind2=' ' tag='852'><subfield code='h'>N40.A63 1992 Bd. 85</subfield><subfield code='0'>16222776</subfield><subfield code='b'>scsbnypl</subfield></datafield><datafield ind1=' ' ind2=' ' tag='866'><subfield code='a'>Bd. 85</subfield><subfield code='0'>16222776</subfield></datafield><datafield ind1=' ' ind2=' ' tag='876'><subfield code='0'>16222776</subfield><subfield code='3'>Bd. 85</subfield><subfield code='a'>22941245</subfield><subfield code='h'>In Library Use</subfield><subfield code='j'>Available</subfield><subfield code='p'>33433113598548</subfield><subfield code='t'>1</subfield><subfield code='x'>Shared</subfield><subfield code='z'>NA</subfield><subfield code='l'>RECAP</subfield></datafield><datafield ind1='8' ind2=' ' tag='852'><subfield code='h'>N40.A63 1992 Bd. 110</subfield><subfield code='0'>16222777</subfield><subfield code='b'>scsbnypl</subfield></datafield><datafield ind1=' ' ind2=' ' tag='866'><subfield code='a'>Bd. 110</subfield><subfield code='0'>16222777</subfield></datafield><datafield ind1=' ' ind2=' ' tag='876'><subfield code='0'>16222777</subfield><subfield code='3'>Bd. 110</subfield><subfield code='a'>22941246</subfield><subfield code='h'>In Library Use</subfield><subfield code='j'>Available</subfield><subfield code='p'>33433136205329</subfield><subfield code='t'>1</subfield><subfield code='x'>Shared</subfield><subfield code='z'>NA</subfield><subfield code='l'>RECAP</subfield></datafield><datafield ind1='8' ind2=' ' tag='852'><subfield code='h'>N40.A63 1992 Bd. 108</subfield><subfield code='0'>16222778</subfield><subfield code='b'>scsbnypl</subfield></datafield><datafield ind1=' ' ind2=' ' tag='866'><subfield code='a'>Bd. 108</subfield><subfield code='0'>16222778</subfield></datafield><datafield ind1=' ' ind2=' ' tag='876'><subfield code='0'>16222778</subfield><subfield code='3'>Bd. 108</subfield><subfield code='a'>22941247</subfield><subfield code='h'>In Library Use</subfield><subfield code='j'>Available</subfield><subfield code='p'>33433133519235</subfield><subfield code='t'>1</subfield><subfield code='x'>Shared</subfield><subfield code='z'>NA</subfield><subfield code='l'>RECAP</subfield></datafield><datafield ind1='8' ind2=' ' tag='852'><subfield code='h'>N40.A63 1992 Bd. 92</subfield><subfield code='0'>16222779</subfield><subfield code='b'>scsbnypl</subfield></datafield><datafield ind1=' ' ind2=' ' tag='866'><subfield code='a'>Bd. 92</subfield><subfield code='0'>16222779</subfield></datafield><datafield ind1=' ' ind2=' ' tag='876'><subfield code='0'>16222779</subfield><subfield code='3'>Bd. 92</subfield><subfield code='a'>22941248</subfield><subfield code='h'>In Library Use</subfield><subfield code='j'>Available</subfield><subfield code='p'>33433118545650</subfield><subfield code='t'>1</subfield><subfield code='x'>Shared</subfield><subfield code='z'>NA</subfield><subfield code='l'>RECAP</subfield></datafield><datafield ind1='8' ind2=' ' tag='852'><subfield code='h'>N40.A63 1992 Bd. 6</subfield><subfield code='0'>16222781</subfield><subfield code='b'>scsbnypl</subfield></datafield><datafield ind1=' ' ind2=' ' tag='866'><subfield code='a'>Bd. 6</subfield><subfield code='0'>16222781</subfield></datafield><datafield ind1=' ' ind2=' ' tag='876'><subfield code='0'>16222781</subfield><subfield code='3'>Bd. 6</subfield><subfield code='a'>22941250</subfield><subfield code='h'>In Library Use</subfield><subfield code='j'>Available</subfield><subfield code='p'>33433062421460</subfield><subfield code='t'>1</subfield><subfield code='x'>Shared</subfield><subfield code='z'>NA</subfield><subfield code='l'>RECAP</subfield></datafield><datafield ind1='8' ind2=' ' tag='852'><subfield code='h'>N40.A63 1992 Bd. 118</subfield><subfield code='0'>16222782</subfield><subfield code='b'>scsbnypl</subfield></datafield><datafield ind1=' ' ind2=' ' tag='866'><subfield code='a'>Bd. 118</subfield><subfield code='0'>16222782</subfield></datafield><datafield ind1=' ' ind2=' ' tag='876'><subfield code='0'>16222782</subfield><subfield code='3'>Bd. 118</subfield><subfield code='a'>22941251</subfield><subfield code='h'>In Library Use</subfield><subfield code='j'>Available</subfield><subfield code='p'>33433136204876</subfield><subfield code='t'>1</subfield><subfield code='x'>Shared</subfield><subfield code='z'>NA</subfield><subfield code='l'>RECAP</subfield></datafield><datafield ind1='8' ind2=' ' tag='852'><subfield code='h'>N40.A63 1992 Bd. 63</subfield><subfield code='0'>16222783</subfield><subfield code='b'>scsbnypl</subfield></datafield><datafield ind1=' ' ind2=' ' tag='866'><subfield code='a'>Bd. 63</subfield><subfield code='0'>16222783</subfield></datafield><datafield ind1=' ' ind2=' ' tag='876'><subfield code='0'>16222783</subfield><subfield code='3'>Bd. 63</subfield><subfield code='a'>22941252</subfield><subfield code='h'>In Library Use</subfield><subfield code='j'>Available</subfield><subfield code='p'>33433086338872</subfield><subfield code='t'>1</subfield><subfield code='x'>Shared</subfield><subfield code='z'>NA</subfield><subfield code='l'>RECAP</subfield></datafield><datafield ind1='8' ind2=' ' tag='852'><subfield code='h'>N40.A63 1992 Bd. 47</subfield><subfield code='0'>16222784</subfield><subfield code='b'>scsbnypl</subfield></datafield><datafield ind1=' ' ind2=' ' tag='866'><subfield code='a'>Bd. 47</subfield><subfield code='0'>16222784</subfield></datafield><datafield ind1=' ' ind2=' ' tag='876'><subfield code='0'>16222784</subfield><subfield code='3'>Bd. 47</subfield><subfield code='a'>22941253</subfield><subfield code='h'>In Library Use</subfield><subfield code='j'>Available</subfield><subfield code='p'>33433059095160</subfield><subfield code='t'>1</subfield><subfield code='x'>Shared</subfield><subfield code='z'>NA</subfield><subfield code='l'>RECAP</subfield></datafield><datafield ind1='8' ind2=' ' tag='852'><subfield code='h'>N40.A63 1992 Bd. 7</subfield><subfield code='0'>16222785</subfield><subfield code='b'>scsbnypl</subfield></datafield><datafield ind1=' ' ind2=' ' tag='866'><subfield code='a'>Bd. 7</subfield><subfield code='0'>16222785</subfield></datafield><datafield ind1=' ' ind2=' ' tag='876'><subfield code='0'>16222785</subfield><subfield code='3'>Bd. 7</subfield><subfield code='a'>22941254</subfield><subfield code='h'>In Library Use</subfield><subfield code='j'>Available</subfield><subfield code='p'>33433062421478</subfield><subfield code='t'>1</subfield><subfield code='x'>Shared</subfield><subfield code='z'>NA</subfield><subfield code='l'>RECAP</subfield></datafield><datafield ind1='8' ind2=' ' tag='852'><subfield code='h'>N40.A63 1992 Bd. 17</subfield><subfield code='0'>16222786</subfield><subfield code='b'>scsbnypl</subfield></datafield><datafield ind1=' ' ind2=' ' tag='866'><subfield code='a'>Bd. 17</subfield><subfield code='0'>16222786</subfield></datafield><datafield ind1=' ' ind2=' ' tag='876'><subfield code='0'>16222786</subfield><subfield code='3'>Bd. 17</subfield><subfield code='a'>22941255</subfield><subfield code='h'>In Library Use</subfield><subfield code='j'>Available</subfield><subfield code='p'>33433062421593</subfield><subfield code='t'>1</subfield><subfield code='x'>Shared</subfield><subfield code='z'>NA</subfield><subfield code='l'>RECAP</subfield></datafield><datafield ind1='8' ind2=' ' tag='852'><subfield code='h'>N40.A63 1992 Register Bd. 11-20, T. 1</subfield><subfield code='0'>16222787</subfield><subfield code='b'>scsbnypl</subfield></datafield><datafield ind1=' ' ind2=' ' tag='866'><subfield code='a'>Register Bd. 11-20, T. 1</subfield><subfield code='0'>16222787</subfield></datafield><datafield ind1=' ' ind2=' ' tag='876'><subfield code='0'>16222787</subfield><subfield code='3'>Register Bd. 11-20, T. 1</subfield><subfield code='a'>22941256</subfield><subfield code='h'>In Library Use</subfield><subfield code='j'>Available</subfield><subfield code='p'>33433062421635</subfield><subfield code='t'>1</subfield><subfield code='x'>Shared</subfield><subfield code='z'>NA</subfield><subfield code='l'>RECAP</subfield></datafield><datafield ind1='8' ind2=' ' tag='852'><subfield code='h'>N40.A63 1992 Register Bd. 1-10, T. 1</subfield><subfield code='0'>16222788</subfield><subfield code='b'>scsbnypl</subfield></datafield><datafield ind1=' ' ind2=' ' tag='866'><subfield code='a'>Register Bd. 1-10, T. 1</subfield><subfield code='0'>16222788</subfield></datafield><datafield ind1=' ' ind2=' ' tag='876'><subfield code='0'>16222788</subfield><subfield code='3'>Register Bd. 1-10, T. 1</subfield><subfield code='a'>22941257</subfield><subfield code='h'>In Library Use</subfield><subfield code='j'>Available</subfield><subfield code='p'>33433062421510</subfield><subfield code='t'>1</subfield><subfield code='x'>Shared</subfield><subfield code='z'>NA</subfield><subfield code='l'>RECAP</subfield></datafield><datafield ind1='8' ind2=' ' tag='852'><subfield code='h'>N40.A63 1992 Bd. 8</subfield><subfield code='0'>16222789</subfield><subfield code='b'>scsbnypl</subfield></datafield><datafield ind1=' ' ind2=' ' tag='866'><subfield code='a'>Bd. 8</subfield><subfield code='0'>16222789</subfield></datafield><datafield ind1=' ' ind2=' ' tag='876'><subfield code='0'>16222789</subfield><subfield code='3'>Bd. 8</subfield><subfield code='a'>22941258</subfield><subfield code='h'>In Library Use</subfield><subfield code='j'>Available</subfield><subfield code='p'>33433062421486</subfield><subfield code='t'>1</subfield><subfield code='x'>Shared</subfield><subfield code='z'>NA</subfield><subfield code='l'>RECAP</subfield></datafield><datafield ind1='8' ind2=' ' tag='852'><subfield code='h'>N40.A63 1992 Bd. 43</subfield><subfield code='0'>16222790</subfield><subfield code='b'>scsbnypl</subfield></datafield><datafield ind1=' ' ind2=' ' tag='866'><subfield code='a'>Bd. 43</subfield><subfield code='0'>16222790</subfield></datafield><datafield ind1=' ' ind2=' ' tag='876'><subfield code='0'>16222790</subfield><subfield code='3'>Bd. 43</subfield><subfield code='a'>22941259</subfield><subfield code='h'>In Library Use</subfield><subfield code='j'>Available</subfield><subfield code='p'>33433061593400</subfield><subfield code='t'>1</subfield><subfield code='x'>Shared</subfield><subfield code='z'>NA</subfield><subfield code='l'>RECAP</subfield></datafield><datafield ind1='8' ind2=' ' tag='852'><subfield code='h'>N40.A63 1992 Bd. 20</subfield><subfield code='0'>16222791</subfield><subfield code='b'>scsbnypl</subfield></datafield><datafield ind1=' ' ind2=' ' tag='866'><subfield code='a'>Bd. 20</subfield><subfield code='0'>16222791</subfield></datafield><datafield ind1=' ' ind2=' ' tag='876'><subfield code='0'>16222791</subfield><subfield code='3'>Bd. 20</subfield><subfield code='a'>22941260</subfield><subfield code='h'>In Library Use</subfield><subfield code='j'>Available</subfield><subfield code='p'>33433062421627</subfield><subfield code='t'>1</subfield><subfield code='x'>Shared</subfield><subfield code='z'>NA</subfield><subfield code='l'>RECAP</subfield></datafield><datafield ind1='8' ind2=' ' tag='852'><subfield code='h'>N40.A63 1992 Bd. 15</subfield><subfield code='0'>16222792</subfield><subfield code='b'>scsbnypl</subfield></datafield><datafield ind1=' ' ind2=' ' tag='866'><subfield code='a'>Bd. 15</subfield><subfield code='0'>16222792</subfield></datafield><datafield ind1=' ' ind2=' ' tag='876'><subfield code='0'>16222792</subfield><subfield code='3'>Bd. 15</subfield><subfield code='a'>22941261</subfield><subfield code='h'>In Library Use</subfield><subfield code='j'>Available</subfield><subfield code='p'>33433062421577</subfield><subfield code='t'>1</subfield><subfield code='x'>Shared</subfield><subfield code='z'>NA</subfield><subfield code='l'>RECAP</subfield></datafield><datafield ind1='8' ind2=' ' tag='852'><subfield code='h'>N40.A63 1992 Register Bd. 81-90, T. 2</subfield><subfield code='0'>16222793</subfield><subfield code='b'>scsbnypl</subfield></datafield><datafield ind1=' ' ind2=' ' tag='866'><subfield code='a'>Register Bd. 81-90, T. 2</subfield><subfield code='0'>16222793</subfield></datafield><datafield ind1=' ' ind2=' ' tag='876'><subfield code='0'>16222793</subfield><subfield code='3'>Register Bd. 81-90, T. 2</subfield><subfield code='a'>22941262</subfield><subfield code='h'>In Library Use</subfield><subfield code='j'>Available</subfield><subfield code='p'>33433118810989</subfield><subfield code='t'>1</subfield><subfield code='x'>Shared</subfield><subfield code='z'>NA</subfield><subfield code='l'>RECAP</subfield></datafield><datafield ind1='8' ind2=' ' tag='852'><subfield code='h'>N40.A63 1992 Register Bd. 31-40, T. 2</subfield><subfield code='0'>16222794</subfield><subfield code='b'>scsbnypl</subfield></datafield><datafield ind1=' ' ind2=' ' tag='866'><subfield code='a'>Register Bd. 31-40, T. 2</subfield><subfield code='0'>16222794</subfield></datafield><datafield ind1=' ' ind2=' ' tag='876'><subfield code='0'>16222794</subfield><subfield code='3'>Register Bd. 31-40, T. 2</subfield><subfield code='a'>22941263</subfield><subfield code='h'>In Library Use</subfield><subfield code='j'>Available</subfield><subfield code='p'>33433061603332</subfield><subfield code='t'>1</subfield><subfield code='x'>Shared</subfield><subfield code='z'>NA</subfield><subfield code='l'>RECAP</subfield></datafield><datafield ind1='8' ind2=' ' tag='852'><subfield code='h'>N40.A63 1992 Bd. 19</subfield><subfield code='0'>16222795</subfield><subfield code='b'>scsbnypl</subfield></datafield><datafield ind1=' ' ind2=' ' tag='866'><subfield code='a'>Bd. 19</subfield><subfield code='0'>16222795</subfield></datafield><datafield ind1=' ' ind2=' ' tag='876'><subfield code='0'>16222795</subfield><subfield code='3'>Bd. 19</subfield><subfield code='a'>22941264</subfield><subfield code='h'>In Library Use</subfield><subfield code='j'>Available</subfield><subfield code='p'>33433062421619</subfield><subfield code='t'>1</subfield><subfield code='x'>Shared</subfield><subfield code='z'>NA</subfield><subfield code='l'>RECAP</subfield></datafield><datafield ind1='8' ind2=' ' tag='852'><subfield code='h'>N40.A63 1992 Bd. 16</subfield><subfield code='0'>16222797</subfield><subfield code='b'>scsbnypl</subfield></datafield><datafield ind1=' ' ind2=' ' tag='866'><subfield code='a'>Bd. 16</subfield><subfield code='0'>16222797</subfield></datafield><datafield ind1=' ' ind2=' ' tag='876'><subfield code='0'>16222797</subfield><subfield code='3'>Bd. 16</subfield><subfield code='a'>22941266</subfield><subfield code='h'>In Library Use</subfield><subfield code='j'>Available</subfield><subfield code='p'>33433062421585</subfield><subfield code='t'>1</subfield><subfield code='x'>Shared</subfield><subfield code='z'>NA</subfield><subfield code='l'>RECAP</subfield></datafield><datafield ind1='8' ind2=' ' tag='852'><subfield code='h'>N40.A63 1992 Bd. 25</subfield><subfield code='0'>16222799</subfield><subfield code='b'>scsbnypl</subfield></datafield><datafield ind1=' ' ind2=' ' tag='866'><subfield code='a'>Bd. 25</subfield><subfield code='0'>16222799</subfield></datafield><datafield ind1=' ' ind2=' ' tag='876'><subfield code='0'>16222799</subfield><subfield code='3'>Bd. 25</subfield><subfield code='a'>22941268</subfield><subfield code='h'>In Library Use</subfield><subfield code='j'>Available</subfield><subfield code='p'>33433062421692</subfield><subfield code='t'>1</subfield><subfield code='x'>Shared</subfield><subfield code='z'>NA</subfield><subfield code='l'>RECAP</subfield></datafield><datafield ind1='8' ind2=' ' tag='852'><subfield code='h'>N40.A63 1992 Bd. 46</subfield><subfield code='0'>16222800</subfield><subfield code='b'>scsbnypl</subfield></datafield><datafield ind1=' ' ind2=' ' tag='866'><subfield code='a'>Bd. 46</subfield><subfield code='0'>16222800</subfield></datafield><datafield ind1=' ' ind2=' ' tag='876'><subfield code='0'>16222800</subfield><subfield code='3'>Bd. 46</subfield><subfield code='a'>22941269</subfield><subfield code='h'>In Library Use</subfield><subfield code='j'>Available</subfield><subfield code='p'>33433059095152</subfield><subfield code='t'>1</subfield><subfield code='x'>Shared</subfield><subfield code='z'>NA</subfield><subfield code='l'>RECAP</subfield></datafield><datafield ind1='8' ind2=' ' tag='852'><subfield code='h'>N40.A63 1992 Bd. 45</subfield><subfield code='0'>16222801</subfield><subfield code='b'>scsbnypl</subfield></datafield><datafield ind1=' ' ind2=' ' tag='866'><subfield code='a'>Bd. 45</subfield><subfield code='0'>16222801</subfield></datafield><datafield ind1=' ' ind2=' ' tag='876'><subfield code='0'>16222801</subfield><subfield code='3'>Bd. 45</subfield><subfield code='a'>22941270</subfield><subfield code='h'>In Library Use</subfield><subfield code='j'>Available</subfield><subfield code='p'>33433059079172</subfield><subfield code='t'>1</subfield><subfield code='x'>Shared</subfield><subfield code='z'>NA</subfield><subfield code='l'>RECAP</subfield></datafield><datafield ind1='8' ind2=' ' tag='852'><subfield code='h'>N40.A63 1992 Bd. 117</subfield><subfield code='0'>16222802</subfield><subfield code='b'>scsbnypl</subfield></datafield><datafield ind1=' ' ind2=' ' tag='866'><subfield code='a'>Bd. 117</subfield><subfield code='0'>16222802</subfield></datafield><datafield ind1=' ' ind2=' ' tag='876'><subfield code='0'>16222802</subfield><subfield code='3'>Bd. 117</subfield><subfield code='a'>22941271</subfield><subfield code='h'>In Library Use</subfield><subfield code='j'>Available</subfield><subfield code='p'>33433136204868</subfield><subfield code='t'>1</subfield><subfield code='x'>Shared</subfield><subfield code='z'>NA</subfield><subfield code='l'>RECAP</subfield></datafield><datafield ind1='8' ind2=' ' tag='852'><subfield code='h'>N40.A63 1992 Bd. 31</subfield><subfield code='0'>16222804</subfield><subfield code='b'>scsbnypl</subfield></datafield><datafield ind1=' ' ind2=' ' tag='866'><subfield code='a'>Bd. 31</subfield><subfield code='0'>16222804</subfield></datafield><datafield ind1=' ' ind2=' ' tag='876'><subfield code='0'>16222804</subfield><subfield code='3'>Bd. 31</subfield><subfield code='a'>22941273</subfield><subfield code='h'>In Library Use</subfield><subfield code='j'>Available</subfield><subfield code='p'>33433015920709</subfield><subfield code='t'>1</subfield><subfield code='x'>Shared</subfield><subfield code='z'>NA</subfield><subfield code='l'>RECAP</subfield></datafield><datafield ind1='8' ind2=' ' tag='852'><subfield code='h'>N40.A63 1992 Bd. 30</subfield><subfield code='0'>16222805</subfield><subfield code='b'>scsbnypl</subfield></datafield><datafield ind1=' ' ind2=' ' tag='866'><subfield code='a'>Bd. 30</subfield><subfield code='0'>16222805</subfield></datafield><datafield ind1=' ' ind2=' ' tag='876'><subfield code='0'>16222805</subfield><subfield code='3'>Bd. 30</subfield><subfield code='a'>22941274</subfield><subfield code='h'>In Library Use</subfield><subfield code='j'>Available</subfield><subfield code='p'>33433062421742</subfield><subfield code='t'>1</subfield><subfield code='x'>Shared</subfield><subfield code='z'>NA</subfield><subfield code='l'>RECAP</subfield></datafield><datafield ind1='8' ind2=' ' tag='852'><subfield code='h'>N40.A63 1992 Bd. 10</subfield><subfield code='0'>16222806</subfield><subfield code='b'>scsbnypl</subfield></datafield><datafield ind1=' ' ind2=' ' tag='866'><subfield code='a'>Bd. 10</subfield><subfield code='0'>16222806</subfield></datafield><datafield ind1=' ' ind2=' ' tag='876'><subfield code='0'>16222806</subfield><subfield code='3'>Bd. 10</subfield><subfield code='a'>22941275</subfield><subfield code='h'>In Library Use</subfield><subfield code='j'>Available</subfield><subfield code='p'>33433062421502</subfield><subfield code='t'>1</subfield><subfield code='x'>Shared</subfield><subfield code='z'>NA</subfield><subfield code='l'>RECAP</subfield></datafield><datafield ind1='8' ind2=' ' tag='852'><subfield code='h'>N40.A63 1992 Bd. 109</subfield><subfield code='0'>16222807</subfield><subfield code='b'>scsbnypl</subfield></datafield><datafield ind1=' ' ind2=' ' tag='866'><subfield code='a'>Bd. 109</subfield><subfield code='0'>16222807</subfield></datafield><datafield ind1=' ' ind2=' ' tag='876'><subfield code='0'>16222807</subfield><subfield code='3'>Bd. 109</subfield><subfield code='a'>22941276</subfield><subfield code='h'>In Library Use</subfield><subfield code='j'>Available</subfield><subfield code='p'>33433133519227</subfield><subfield code='t'>1</subfield><subfield code='x'>Shared</subfield><subfield code='z'>NA</subfield><subfield code='l'>RECAP</subfield></datafield><datafield ind1='8' ind2=' ' tag='852'><subfield code='h'>N40.A63 1992 Bd. 29</subfield><subfield code='0'>16222808</subfield><subfield code='b'>scsbnypl</subfield></datafield><datafield ind1=' ' ind2=' ' tag='866'><subfield code='a'>Bd. 29</subfield><subfield code='0'>16222808</subfield></datafield><datafield ind1=' ' ind2=' ' tag='876'><subfield code='0'>16222808</subfield><subfield code='3'>Bd. 29</subfield><subfield code='a'>22941277</subfield><subfield code='h'>In Library Use</subfield><subfield code='j'>Available</subfield><subfield code='p'>33433062421734</subfield><subfield code='t'>1</subfield><subfield code='x'>Shared</subfield><subfield code='z'>NA</subfield><subfield code='l'>RECAP</subfield></datafield><datafield ind1='8' ind2=' ' tag='852'><subfield code='h'>N40.A63 1992 Bd. 111</subfield><subfield code='0'>16222812</subfield><subfield code='b'>scsbnypl</subfield></datafield><datafield ind1=' ' ind2=' ' tag='866'><subfield code='a'>Bd. 111</subfield><subfield code='0'>16222812</subfield></datafield><datafield ind1=' ' ind2=' ' tag='876'><subfield code='0'>16222812</subfield><subfield code='3'>Bd. 111</subfield><subfield code='a'>22941281</subfield><subfield code='h'>In Library Use</subfield><subfield code='j'>Available</subfield><subfield code='p'>33433135834681</subfield><subfield code='t'>1</subfield><subfield code='x'>Shared</subfield><subfield code='z'>NA</subfield><subfield code='l'>RECAP</subfield></datafield><datafield ind1='8' ind2=' ' tag='852'><subfield code='h'>N40.A63 1992 Bd. 87</subfield><subfield code='0'>16222813</subfield><subfield code='b'>scsbnypl</subfield></datafield><datafield ind1=' ' ind2=' ' tag='866'><subfield code='a'>Bd. 87</subfield><subfield code='0'>16222813</subfield></datafield><datafield ind1=' ' ind2=' ' tag='876'><subfield code='0'>16222813</subfield><subfield code='3'>Bd. 87</subfield><subfield code='a'>22941282</subfield><subfield code='h'>In Library Use</subfield><subfield code='j'>Available</subfield><subfield code='p'>33433116907787</subfield><subfield code='t'>1</subfield><subfield code='x'>Shared</subfield><subfield code='z'>NA</subfield><subfield code='l'>RECAP</subfield></datafield><datafield ind1='8' ind2=' ' tag='852'><subfield code='h'>N40.A63 1992 Bd. 14</subfield><subfield code='0'>16222814</subfield><subfield code='b'>scsbnypl</subfield></datafield><datafield ind1=' ' ind2=' ' tag='866'><subfield code='a'>Bd. 14</subfield><subfield code='0'>16222814</subfield></datafield><datafield ind1=' ' ind2=' ' tag='876'><subfield code='0'>16222814</subfield><subfield code='3'>Bd. 14</subfield><subfield code='a'>22941283</subfield><subfield code='h'>In Library Use</subfield><subfield code='j'>Available</subfield><subfield code='p'>33433062421569</subfield><subfield code='t'>1</subfield><subfield code='x'>Shared</subfield><subfield code='z'>NA</subfield><subfield code='l'>RECAP</subfield></datafield><datafield ind1='8' ind2=' ' tag='852'><subfield code='h'>N40.A63 1992 Bd. 41</subfield><subfield code='0'>16222815</subfield><subfield code='b'>scsbnypl</subfield></datafield><datafield ind1=' ' ind2=' ' tag='866'><subfield code='a'>Bd. 41</subfield><subfield code='0'>16222815</subfield></datafield><datafield ind1=' ' ind2=' ' tag='876'><subfield code='0'>16222815</subfield><subfield code='3'>Bd. 41</subfield><subfield code='a'>22941284</subfield><subfield code='h'>In Library Use</subfield><subfield code='j'>Available</subfield><subfield code='p'>33433059063275</subfield><subfield code='t'>1</subfield><subfield code='x'>Shared</subfield><subfield code='z'>NA</subfield><subfield code='l'>RECAP</subfield></datafield><datafield ind1='8' ind2=' ' tag='852'><subfield code='h'>N40.A63 1992 Bd. 4</subfield><subfield code='0'>16222816</subfield><subfield code='b'>scsbnypl</subfield></datafield><datafield ind1=' ' ind2=' ' tag='866'><subfield code='a'>Bd. 4</subfield><subfield code='0'>16222816</subfield></datafield><datafield ind1=' ' ind2=' ' tag='876'><subfield code='0'>16222816</subfield><subfield code='3'>Bd. 4</subfield><subfield code='a'>22941285</subfield><subfield code='h'>In Library Use</subfield><subfield code='j'>Available</subfield><subfield code='p'>33433062421445</subfield><subfield code='t'>1</subfield><subfield code='x'>Shared</subfield><subfield code='z'>NA</subfield><subfield code='l'>RECAP</subfield></datafield><datafield ind1='8' ind2=' ' tag='852'><subfield code='h'>N40.A63 1992 Bd. 28</subfield><subfield code='0'>16222817</subfield><subfield code='b'>scsbnypl</subfield></datafield><datafield ind1=' ' ind2=' ' tag='866'><subfield code='a'>Bd. 28</subfield><subfield code='0'>16222817</subfield></datafield><datafield ind1=' ' ind2=' ' tag='876'><subfield code='0'>16222817</subfield><subfield code='3'>Bd. 28</subfield><subfield code='a'>22941286</subfield><subfield code='h'>In Library Use</subfield><subfield code='j'>Available</subfield><subfield code='p'>33433062421726</subfield><subfield code='t'>1</subfield><subfield code='x'>Shared</subfield><subfield code='z'>NA</subfield><subfield code='l'>RECAP</subfield></datafield><datafield ind1='8' ind2=' ' tag='852'><subfield code='h'>N40.A63 1992 Bd. 113</subfield><subfield code='0'>16222818</subfield><subfield code='b'>scsbnypl</subfield></datafield><datafield ind1=' ' ind2=' ' tag='866'><subfield code='a'>Bd. 113</subfield><subfield code='0'>16222818</subfield></datafield><datafield ind1=' ' ind2=' ' tag='876'><subfield code='0'>16222818</subfield><subfield code='3'>Bd. 113</subfield><subfield code='a'>22941287</subfield><subfield code='h'>In Library Use</subfield><subfield code='j'>Available</subfield><subfield code='p'>33433136204827</subfield><subfield code='t'>1</subfield><subfield code='x'>Shared</subfield><subfield code='z'>NA</subfield><subfield code='l'>RECAP</subfield></datafield><datafield ind1='8' ind2=' ' tag='852'><subfield code='h'>N40.A63 1992 Bd. 48</subfield><subfield code='0'>16222819</subfield><subfield code='b'>scsbnypl</subfield></datafield><datafield ind1=' ' ind2=' ' tag='866'><subfield code='a'>Bd. 48</subfield><subfield code='0'>16222819</subfield></datafield><datafield ind1=' ' ind2=' ' tag='876'><subfield code='0'>16222819</subfield><subfield code='3'>Bd. 48</subfield><subfield code='a'>22941288</subfield><subfield code='h'>In Library Use</subfield><subfield code='j'>Available</subfield><subfield code='p'>33433070552694</subfield><subfield code='t'>1</subfield><subfield code='x'>Shared</subfield><subfield code='z'>NA</subfield><subfield code='l'>RECAP</subfield></datafield><datafield ind1='8' ind2=' ' tag='852'><subfield code='h'>N40.A63 1992 Register Bd. 91-100 (Kunstlerische Berufe)</subfield><subfield code='0'>16222820</subfield><subfield code='b'>scsbnypl</subfield></datafield><datafield ind1=' ' ind2=' ' tag='866'><subfield code='a'>Register Bd. 91-100 (Kunstlerische Berufe)</subfield><subfield code='0'>16222820</subfield></datafield><datafield ind1=' ' ind2=' ' tag='876'><subfield code='0'>16222820</subfield><subfield code='3'>Register Bd. 91-100 (Kunstlerische Berufe)</subfield><subfield code='a'>22941289</subfield><subfield code='h'>In Library Use</subfield><subfield code='j'>Available</subfield><subfield code='p'>33433121658672</subfield><subfield code='t'>1</subfield><subfield code='x'>Shared</subfield><subfield code='z'>NA</subfield><subfield code='l'>RECAP</subfield></datafield><datafield ind1='8' ind2=' ' tag='852'><subfield code='h'>N40.A63 1992 Bd. 119</subfield><subfield code='0'>16222821</subfield><subfield code='b'>scsbnypl</subfield></datafield><datafield ind1=' ' ind2=' ' tag='866'><subfield code='a'>Bd. 119</subfield><subfield code='0'>16222821</subfield></datafield><datafield ind1=' ' ind2=' ' tag='876'><subfield code='0'>16222821</subfield><subfield code='3'>Bd. 119</subfield><subfield code='a'>22941290</subfield><subfield code='h'>In Library Use</subfield><subfield code='j'>Available</subfield><subfield code='p'>33433136204884</subfield><subfield code='t'>1</subfield><subfield code='x'>Shared</subfield><subfield code='z'>NA</subfield><subfield code='l'>RECAP</subfield></datafield><datafield ind1='8' ind2=' ' tag='852'><subfield code='h'>N40.A63 1992 Register Bd. 81-90, T. 1</subfield><subfield code='0'>16222822</subfield><subfield code='b'>scsbnypl</subfield></datafield><datafield ind1=' ' ind2=' ' tag='866'><subfield code='a'>Register Bd. 81-90, T. 1</subfield><subfield code='0'>16222822</subfield></datafield><datafield ind1=' ' ind2=' ' tag='876'><subfield code='0'>16222822</subfield><subfield code='3'>Register Bd. 81-90, T. 1</subfield><subfield code='a'>22941291</subfield><subfield code='h'>In Library Use</subfield><subfield code='j'>Available</subfield><subfield code='p'>33433118810971</subfield><subfield code='t'>1</subfield><subfield code='x'>Shared</subfield><subfield code='z'>NA</subfield><subfield code='l'>RECAP</subfield></datafield><datafield ind1='8' ind2=' ' tag='852'><subfield code='h'>N40.A63 1992 Bd. 18</subfield><subfield code='0'>16222823</subfield><subfield code='b'>scsbnypl</subfield></datafield><datafield ind1=' ' ind2=' ' tag='866'><subfield code='a'>Bd. 18</subfield><subfield code='0'>16222823</subfield></datafield><datafield ind1=' ' ind2=' ' tag='876'><subfield code='0'>16222823</subfield><subfield code='3'>Bd. 18</subfield><subfield code='a'>22941292</subfield><subfield code='h'>In Library Use</subfield><subfield code='j'>Available</subfield><subfield code='p'>33433062421601</subfield><subfield code='t'>1</subfield><subfield code='x'>Shared</subfield><subfield code='z'>NA</subfield><subfield code='l'>RECAP</subfield></datafield><datafield ind1='8' ind2=' ' tag='852'><subfield code='h'>N40.A63 1992 Bd. 24</subfield><subfield code='0'>16222828</subfield><subfield code='b'>scsbnypl</subfield></datafield><datafield ind1=' ' ind2=' ' tag='866'><subfield code='a'>Bd. 24</subfield><subfield code='0'>16222828</subfield></datafield><datafield ind1=' ' ind2=' ' tag='876'><subfield code='0'>16222828</subfield><subfield code='3'>Bd. 24</subfield><subfield code='a'>22941297</subfield><subfield code='h'>In Library Use</subfield><subfield code='j'>Available</subfield><subfield code='p'>33433062421684</subfield><subfield code='t'>1</subfield><subfield code='x'>Shared</subfield><subfield code='z'>NA</subfield><subfield code='l'>RECAP</subfield></datafield><datafield ind1='8' ind2=' ' tag='852'><subfield code='h'>N40.A63 1992 Register Bd. 21-30, T. 2</subfield><subfield code='0'>16222829</subfield><subfield code='b'>scsbnypl</subfield></datafield><datafield ind1=' ' ind2=' ' tag='866'><subfield code='a'>Register Bd. 21-30, T. 2</subfield><subfield code='0'>16222829</subfield></datafield><datafield ind1=' ' ind2=' ' tag='876'><subfield code='0'>16222829</subfield><subfield code='3'>Register Bd. 21-30, T. 2</subfield><subfield code='a'>22941298</subfield><subfield code='h'>In Library Use</subfield><subfield code='j'>Available</subfield><subfield code='p'>33433015921061</subfield><subfield code='t'>1</subfield><subfield code='x'>Shared</subfield><subfield code='z'>NA</subfield><subfield code='l'>RECAP</subfield></datafield><datafield ind1='8' ind2=' ' tag='852'><subfield code='h'>N40.A63 1992 Bd. 5</subfield><subfield code='0'>16222830</subfield><subfield code='b'>scsbnypl</subfield></datafield><datafield ind1=' ' ind2=' ' tag='866'><subfield code='a'>Bd. 5</subfield><subfield code='0'>16222830</subfield></datafield><datafield ind1=' ' ind2=' ' tag='876'><subfield code='0'>16222830</subfield><subfield code='3'>Bd. 5</subfield><subfield code='a'>22941299</subfield><subfield code='h'>In Library Use</subfield><subfield code='j'>Available</subfield><subfield code='p'>33433062421452</subfield><subfield code='t'>1</subfield><subfield code='x'>Shared</subfield><subfield code='z'>NA</subfield><subfield code='l'>RECAP</subfield></datafield><datafield ind1='8' ind2=' ' tag='852'><subfield code='h'>N40.A63 1992 Bd. 103</subfield><subfield code='0'>16222831</subfield><subfield code='b'>scsbnypl</subfield></datafield><datafield ind1=' ' ind2=' ' tag='866'><subfield code='a'>Bd. 103</subfield><subfield code='0'>16222831</subfield></datafield><datafield ind1=' ' ind2=' ' tag='876'><subfield code='0'>16222831</subfield><subfield code='3'>Bd. 103</subfield><subfield code='a'>22941300</subfield><subfield code='h'>In Library Use</subfield><subfield code='j'>Available</subfield><subfield code='p'>33433121678787</subfield><subfield code='t'>1</subfield><subfield code='x'>Shared</subfield><subfield code='z'>NA</subfield><subfield code='l'>RECAP</subfield></datafield><datafield ind1='8' ind2=' ' tag='852'><subfield code='h'>N40.A63 1992 Register Bd. 101-110, T. 2 (Kunstlerische Berufe)</subfield><subfield code='0'>16222832</subfield><subfield code='b'>scsbnypl</subfield></datafield><datafield ind1=' ' ind2=' ' tag='866'><subfield code='a'>Register Bd. 101-110, T. 2 (Kunstlerische Berufe)</subfield><subfield code='0'>16222832</subfield></datafield><datafield ind1=' ' ind2=' ' tag='876'><subfield code='0'>16222832</subfield><subfield code='3'>Register Bd. 101-110, T. 2 (Kunstlerische Berufe)</subfield><subfield code='a'>22941301</subfield><subfield code='h'>In Library Use</subfield><subfield code='j'>Available</subfield><subfield code='p'>33433133311088</subfield><subfield code='t'>1</subfield><subfield code='x'>Shared</subfield><subfield code='z'>NA</subfield><subfield code='l'>RECAP</subfield></datafield><datafield ind1='8' ind2=' ' tag='852'><subfield code='h'>N40.A63 1992 Bd. 13</subfield><subfield code='0'>16222833</subfield><subfield code='b'>scsbnypl</subfield></datafield><datafield ind1=' ' ind2=' ' tag='866'><subfield code='a'>Bd. 13</subfield><subfield code='0'>16222833</subfield></datafield><datafield ind1=' ' ind2=' ' tag='876'><subfield code='0'>16222833</subfield><subfield code='3'>Bd. 13</subfield><subfield code='a'>22941302</subfield><subfield code='h'>In Library Use</subfield><subfield code='j'>Available</subfield><subfield code='p'>33433062421551</subfield><subfield code='t'>1</subfield><subfield code='x'>Shared</subfield><subfield code='z'>NA</subfield><subfield code='l'>RECAP</subfield></datafield><datafield ind1='8' ind2=' ' tag='852'><subfield code='h'>N40.A63 1992 Bd. 112</subfield><subfield code='0'>16222835</subfield><subfield code='b'>scsbnypl</subfield></datafield><datafield ind1=' ' ind2=' ' tag='866'><subfield code='a'>Bd. 112</subfield><subfield code='0'>16222835</subfield></datafield><datafield ind1=' ' ind2=' ' tag='876'><subfield code='0'>16222835</subfield><subfield code='3'>Bd. 112</subfield><subfield code='a'>22941304</subfield><subfield code='h'>In Library Use</subfield><subfield code='j'>Available</subfield><subfield code='p'>33433136204819</subfield><subfield code='t'>1</subfield><subfield code='x'>Shared</subfield><subfield code='z'>NA</subfield><subfield code='l'>RECAP</subfield></datafield><datafield ind1='8' ind2=' ' tag='852'><subfield code='h'>N40.A63 1992 Bd. 86</subfield><subfield code='0'>16222836</subfield><subfield code='b'>scsbnypl</subfield></datafield><datafield ind1=' ' ind2=' ' tag='866'><subfield code='a'>Bd. 86</subfield><subfield code='0'>16222836</subfield></datafield><datafield ind1=' ' ind2=' ' tag='876'><subfield code='0'>16222836</subfield><subfield code='3'>Bd. 86</subfield><subfield code='a'>22941305</subfield><subfield code='h'>In Library Use</subfield><subfield code='j'>Available</subfield><subfield code='p'>33433116907795</subfield><subfield code='t'>1</subfield><subfield code='x'>Shared</subfield><subfield code='z'>NA</subfield><subfield code='l'>RECAP</subfield></datafield><datafield ind1='8' ind2=' ' tag='852'><subfield code='h'>N40.A63 1992 Bd. 39</subfield><subfield code='0'>16222837</subfield><subfield code='b'>scsbnypl</subfield></datafield><datafield ind1=' ' ind2=' ' tag='866'><subfield code='a'>Bd. 39</subfield><subfield code='0'>16222837</subfield></datafield><datafield ind1=' ' ind2=' ' tag='876'><subfield code='0'>16222837</subfield><subfield code='3'>Bd. 39</subfield><subfield code='a'>22941306</subfield><subfield code='h'>In Library Use</subfield><subfield code='j'>Available</subfield><subfield code='p'>33433059037600</subfield><subfield code='t'>1</subfield><subfield code='x'>Shared</subfield><subfield code='z'>NA</subfield><subfield code='l'>RECAP</subfield></datafield><datafield ind1='8' ind2=' ' tag='852'><subfield code='h'>N40.A63 1992 Bd. 44</subfield><subfield code='0'>16222838</subfield><subfield code='b'>scsbnypl</subfield></datafield><datafield ind1=' ' ind2=' ' tag='866'><subfield code='a'>Bd. 44</subfield><subfield code='0'>16222838</subfield></datafield><datafield ind1=' ' ind2=' ' tag='876'><subfield code='0'>16222838</subfield><subfield code='3'>Bd. 44</subfield><subfield code='a'>22941307</subfield><subfield code='h'>In Library Use</subfield><subfield code='j'>Available</subfield><subfield code='p'>33433059079164</subfield><subfield code='t'>1</subfield><subfield code='x'>Shared</subfield><subfield code='z'>NA</subfield><subfield code='l'>RECAP</subfield></datafield><datafield ind1='8' ind2=' ' tag='852'><subfield code='h'>N40.A63 1992 Bd. 114</subfield><subfield code='0'>16222839</subfield><subfield code='b'>scsbnypl</subfield></datafield><datafield ind1=' ' ind2=' ' tag='866'><subfield code='a'>Bd. 114</subfield><subfield code='0'>16222839</subfield></datafield><datafield ind1=' ' ind2=' ' tag='876'><subfield code='0'>16222839</subfield><subfield code='3'>Bd. 114</subfield><subfield code='a'>22941308</subfield><subfield code='h'>In Library Use</subfield><subfield code='j'>Available</subfield><subfield code='p'>33433136204835</subfield><subfield code='t'>1</subfield><subfield code='x'>Shared</subfield><subfield code='z'>NA</subfield><subfield code='l'>RECAP</subfield></datafield><datafield ind1='8' ind2=' ' tag='852'><subfield code='h'>N40.A63 1992 Bd. 3</subfield><subfield code='0'>16222840</subfield><subfield code='b'>scsbnypl</subfield></datafield><datafield ind1=' ' ind2=' ' tag='866'><subfield code='a'>Bd. 3</subfield><subfield code='0'>16222840</subfield></datafield><datafield ind1=' ' ind2=' ' tag='876'><subfield code='0'>16222840</subfield><subfield code='3'>Bd. 3</subfield><subfield code='a'>22941309</subfield><subfield code='h'>In Library Use</subfield><subfield code='j'>Available</subfield><subfield code='p'>33433062421437</subfield><subfield code='t'>1</subfield><subfield code='x'>Shared</subfield><subfield code='z'>NA</subfield><subfield code='l'>RECAP</subfield></datafield><datafield ind1='8' ind2=' ' tag='852'><subfield code='h'>N40.A63 1992 Bd. 91</subfield><subfield code='0'>16222841</subfield><subfield code='b'>scsbnypl</subfield></datafield><datafield ind1=' ' ind2=' ' tag='866'><subfield code='a'>Bd. 91</subfield><subfield code='0'>16222841</subfield></datafield><datafield ind1=' ' ind2=' ' tag='876'><subfield code='0'>16222841</subfield><subfield code='3'>Bd. 91</subfield><subfield code='a'>22941310</subfield><subfield code='h'>In Library Use</subfield><subfield code='j'>Available</subfield><subfield code='p'>33433118545627</subfield><subfield code='t'>1</subfield><subfield code='x'>Shared</subfield><subfield code='z'>NA</subfield><subfield code='l'>RECAP</subfield></datafield><datafield ind1='8' ind2=' ' tag='852'><subfield code='h'>N40.A63 1992 Bd. 23</subfield><subfield code='0'>16222842</subfield><subfield code='b'>scsbnypl</subfield></datafield><datafield ind1=' ' ind2=' ' tag='866'><subfield code='a'>Bd. 23</subfield><subfield code='0'>16222842</subfield></datafield><datafield ind1=' ' ind2=' ' tag='876'><subfield code='0'>16222842</subfield><subfield code='3'>Bd. 23</subfield><subfield code='a'>22941311</subfield><subfield code='h'>In Library Use</subfield><subfield code='j'>Available</subfield><subfield code='p'>33433062421676</subfield><subfield code='t'>1</subfield><subfield code='x'>Shared</subfield><subfield code='z'>NA</subfield><subfield code='l'>RECAP</subfield></datafield><datafield ind1='8' ind2=' ' tag='852'><subfield code='h'>N40.A63 1992 Bd. 65</subfield><subfield code='0'>16222843</subfield><subfield code='b'>scsbnypl</subfield></datafield><datafield ind1=' ' ind2=' ' tag='866'><subfield code='a'>Bd. 65</subfield><subfield code='0'>16222843</subfield></datafield><datafield ind1=' ' ind2=' ' tag='876'><subfield code='0'>16222843</subfield><subfield code='3'>Bd. 65</subfield><subfield code='a'>22941312</subfield><subfield code='h'>In Library Use</subfield><subfield code='j'>Available</subfield><subfield code='p'>33433085548158</subfield><subfield code='t'>1</subfield><subfield code='x'>Shared</subfield><subfield code='z'>NA</subfield><subfield code='l'>RECAP</subfield></datafield><datafield ind1='8' ind2=' ' tag='852'><subfield code='h'>N40.A63 1992 Bd. 50</subfield><subfield code='0'>16222844</subfield><subfield code='b'>scsbnypl</subfield></datafield><datafield ind1=' ' ind2=' ' tag='866'><subfield code='a'>Bd. 50</subfield><subfield code='0'>16222844</subfield></datafield><datafield ind1=' ' ind2=' ' tag='876'><subfield code='0'>16222844</subfield><subfield code='3'>Bd. 50</subfield><subfield code='a'>22941313</subfield><subfield code='h'>In Library Use</subfield><subfield code='j'>Available</subfield><subfield code='p'>33433070552686</subfield><subfield code='t'>1</subfield><subfield code='x'>Shared</subfield><subfield code='z'>NA</subfield><subfield code='l'>RECAP</subfield></datafield><datafield ind1='8' ind2=' ' tag='852'><subfield code='h'>N40.A63 1992 Bd. 27</subfield><subfield code='0'>16222845</subfield><subfield code='b'>scsbnypl</subfield></datafield><datafield ind1=' ' ind2=' ' tag='866'><subfield code='a'>Bd. 27</subfield><subfield code='0'>16222845</subfield></datafield><datafield ind1=' ' ind2=' ' tag='876'><subfield code='0'>16222845</subfield><subfield code='3'>Bd. 27</subfield><subfield code='a'>22941314</subfield><subfield code='h'>In Library Use</subfield><subfield code='j'>Available</subfield><subfield code='p'>33433062421718</subfield><subfield code='t'>1</subfield><subfield code='x'>Shared</subfield><subfield code='z'>NA</subfield><subfield code='l'>RECAP</subfield></datafield><datafield ind1='8' ind2=' ' tag='852'><subfield code='h'>N40.A63 1992 Bd. 22</subfield><subfield code='0'>16222853</subfield><subfield code='b'>scsbnypl</subfield></datafield><datafield ind1=' ' ind2=' ' tag='866'><subfield code='a'>Bd. 22</subfield><subfield code='0'>16222853</subfield></datafield><datafield ind1=' ' ind2=' ' tag='876'><subfield code='0'>16222853</subfield><subfield code='3'>Bd. 22</subfield><subfield code='a'>22941322</subfield><subfield code='h'>In Library Use</subfield><subfield code='j'>Available</subfield><subfield code='p'>33433062421668</subfield><subfield code='t'>1</subfield><subfield code='x'>Shared</subfield><subfield code='z'>NA</subfield><subfield code='l'>RECAP</subfield></datafield><datafield ind1='8' ind2=' ' tag='852'><subfield code='h'>N40.A63 1992 Bd. 49</subfield><subfield code='0'>16222854</subfield><subfield code='b'>scsbnypl</subfield></datafield><datafield ind1=' ' ind2=' ' tag='866'><subfield code='a'>Bd. 49</subfield><subfield code='0'>16222854</subfield></datafield><datafield ind1=' ' ind2=' ' tag='876'><subfield code='0'>16222854</subfield><subfield code='3'>Bd. 49</subfield><subfield code='a'>22941323</subfield><subfield code='h'>In Library Use</subfield><subfield code='j'>Available</subfield><subfield code='p'>33433070552678</subfield><subfield code='t'>1</subfield><subfield code='x'>Shared</subfield><subfield code='z'>NA</subfield><subfield code='l'>RECAP</subfield></datafield><datafield ind1='8' ind2=' ' tag='852'><subfield code='h'>N40.A63 1992 Register Bd. 31-40, T. 1</subfield><subfield code='0'>16222855</subfield><subfield code='b'>scsbnypl</subfield></datafield><datafield ind1=' ' ind2=' ' tag='866'><subfield code='a'>Register Bd. 31-40, T. 1</subfield><subfield code='0'>16222855</subfield></datafield><datafield ind1=' ' ind2=' ' tag='876'><subfield code='0'>16222855</subfield><subfield code='3'>Register Bd. 31-40, T. 1</subfield><subfield code='a'>22941324</subfield><subfield code='h'>In Library Use</subfield><subfield code='j'>Available</subfield><subfield code='p'>33433061603092</subfield><subfield code='t'>1</subfield><subfield code='x'>Shared</subfield><subfield code='z'>NA</subfield><subfield code='l'>RECAP</subfield></datafield><datafield ind1='8' ind2=' ' tag='852'><subfield code='h'>N40.A63 1992 Bd. 64</subfield><subfield code='0'>16222856</subfield><subfield code='b'>scsbnypl</subfield></datafield><datafield ind1=' ' ind2=' ' tag='866'><subfield code='a'>Bd. 64</subfield><subfield code='0'>16222856</subfield></datafield><datafield ind1=' ' ind2=' ' tag='876'><subfield code='0'>16222856</subfield><subfield code='3'>Bd. 64</subfield><subfield code='a'>22941325</subfield><subfield code='h'>In Library Use</subfield><subfield code='j'>Available</subfield><subfield code='p'>33433085548141</subfield><subfield code='t'>1</subfield><subfield code='x'>Shared</subfield><subfield code='z'>NA</subfield><subfield code='l'>RECAP</subfield></datafield><datafield ind1='8' ind2=' ' tag='852'><subfield code='h'>N40.A63 1992 Register Bd. 101-110, T. 1 (Lander)</subfield><subfield code='0'>16222857</subfield><subfield code='b'>scsbnypl</subfield></datafield><datafield ind1=' ' ind2=' ' tag='866'><subfield code='a'>Register Bd. 101-110, T. 1 (Lander)</subfield><subfield code='0'>16222857</subfield></datafield><datafield ind1=' ' ind2=' ' tag='876'><subfield code='0'>16222857</subfield><subfield code='3'>Register Bd. 101-110, T. 1 (Lander)</subfield><subfield code='a'>22941326</subfield><subfield code='h'>In Library Use</subfield><subfield code='j'>Available</subfield><subfield code='p'>33433133311526</subfield><subfield code='t'>1</subfield><subfield code='x'>Shared</subfield><subfield code='z'>NA</subfield><subfield code='l'>RECAP</subfield></datafield><datafield ind1='8' ind2=' ' tag='852'><subfield code='h'>N40.A63 1992 Register Bd. 71-80, T. 1 (Lander)</subfield><subfield code='0'>16222858</subfield><subfield code='b'>scsbnypl</subfield></datafield><datafield ind1=' ' ind2=' ' tag='866'><subfield code='a'>Register Bd. 71-80, T. 1 (Lander)</subfield><subfield code='0'>16222858</subfield></datafield><datafield ind1=' ' ind2=' ' tag='876'><subfield code='0'>16222858</subfield><subfield code='3'>Register Bd. 71-80, T. 1 (Lander)</subfield><subfield code='a'>22941327</subfield><subfield code='h'>In Library Use</subfield><subfield code='j'>Available</subfield><subfield code='p'>33433101044463</subfield><subfield code='t'>1</subfield><subfield code='x'>Shared</subfield><subfield code='z'>NA</subfield><subfield code='l'>RECAP</subfield></datafield><datafield ind1='8' ind2=' ' tag='852'><subfield code='h'>N40.A63 1992 Bd. 26</subfield><subfield code='0'>16222859</subfield><subfield code='b'>scsbnypl</subfield></datafield><datafield ind1=' ' ind2=' ' tag='866'><subfield code='a'>Bd. 26</subfield><subfield code='0'>16222859</subfield></datafield><datafield ind1=' ' ind2=' ' tag='876'><subfield code='0'>16222859</subfield><subfield code='3'>Bd. 26</subfield><subfield code='a'>22941328</subfield><subfield code='h'>In Library Use</subfield><subfield code='j'>Available</subfield><subfield code='p'>33433062421700</subfield><subfield code='t'>1</subfield><subfield code='x'>Shared</subfield><subfield code='z'>NA</subfield><subfield code='l'>RECAP</subfield></datafield><datafield ind1='8' ind2=' ' tag='852'><subfield code='h'>N40.A63 1992 Bd. 2</subfield><subfield code='0'>16222860</subfield><subfield code='b'>scsbnypl</subfield></datafield><datafield ind1=' ' ind2=' ' tag='866'><subfield code='a'>Bd. 2</subfield><subfield code='0'>16222860</subfield></datafield><datafield ind1=' ' ind2=' ' tag='876'><subfield code='0'>16222860</subfield><subfield code='3'>Bd. 2</subfield><subfield code='a'>22941329</subfield><subfield code='h'>In Library Use</subfield><subfield code='j'>Available</subfield><subfield code='p'>33433062421429</subfield><subfield code='t'>1</subfield><subfield code='x'>Shared</subfield><subfield code='z'>NA</subfield><subfield code='l'>RECAP</subfield></datafield><datafield ind1='8' ind2=' ' tag='852'><subfield code='h'>N40.A63 1992 Bd. 42</subfield><subfield code='0'>16222861</subfield><subfield code='b'>scsbnypl</subfield></datafield><datafield ind1=' ' ind2=' ' tag='866'><subfield code='a'>Bd. 42</subfield><subfield code='0'>16222861</subfield></datafield><datafield ind1=' ' ind2=' ' tag='876'><subfield code='0'>16222861</subfield><subfield code='3'>Bd. 42</subfield><subfield code='a'>22941330</subfield><subfield code='h'>In Library Use</subfield><subfield code='j'>Available</subfield><subfield code='p'>33433061593392</subfield><subfield code='t'>1</subfield><subfield code='x'>Shared</subfield><subfield code='z'>NA</subfield><subfield code='l'>RECAP</subfield></datafield><datafield ind1='8' ind2=' ' tag='852'><subfield code='h'>N40.A63 1992 Bd. 12</subfield><subfield code='0'>16222862</subfield><subfield code='b'>scsbnypl</subfield></datafield><datafield ind1=' ' ind2=' ' tag='866'><subfield code='a'>Bd. 12</subfield><subfield code='0'>16222862</subfield></datafield><datafield ind1=' ' ind2=' ' tag='876'><subfield code='0'>16222862</subfield><subfield code='3'>Bd. 12</subfield><subfield code='a'>22941331</subfield><subfield code='h'>In Library Use</subfield><subfield code='j'>Available</subfield><subfield code='p'>33433062421544</subfield><subfield code='t'>1</subfield><subfield code='x'>Shared</subfield><subfield code='z'>NA</subfield><subfield code='l'>RECAP</subfield></datafield><datafield ind1='8' ind2=' ' tag='852'><subfield code='h'>N40.A63 1992 Handbuch</subfield><subfield code='0'>16222863</subfield><subfield code='b'>scsbnypl</subfield></datafield><datafield ind1=' ' ind2=' ' tag='866'><subfield code='a'>Handbuch</subfield><subfield code='0'>16222863</subfield></datafield><datafield ind1=' ' ind2=' ' tag='876'><subfield code='0'>16222863</subfield><subfield code='3'>Handbuch</subfield><subfield code='a'>22941332</subfield><subfield code='h'>In Library Use</subfield><subfield code='j'>Available</subfield><subfield code='p'>33433059082325</subfield><subfield code='t'>1</subfield><subfield code='x'>Shared</subfield><subfield code='z'>NA</subfield><subfield code='l'>RECAP</subfield></datafield><datafield ind1='8' ind2=' ' tag='852'><subfield code='h'>N40.A63 1992 Bd. 69</subfield><subfield code='0'>16223505</subfield><subfield code='b'>scsbnypl</subfield></datafield><datafield ind1=' ' ind2=' ' tag='866'><subfield code='a'>Bd. 69</subfield><subfield code='0'>16223505</subfield></datafield><datafield ind1=' ' ind2=' ' tag='876'><subfield code='0'>16223505</subfield><subfield code='3'>Bd. 69</subfield><subfield code='a'>22942360</subfield><subfield code='h'>In Library Use</subfield><subfield code='j'>Available</subfield><subfield code='p'>33433087135640</subfield><subfield code='t'>1</subfield><subfield code='x'>Shared</subfield><subfield code='z'>NA</subfield><subfield code='l'>RECAP</subfield></datafield><datafield ind1='8' ind2=' ' tag='852'><subfield code='h'>N40.A63 1992 Bd. 107</subfield><subfield code='0'>16229751</subfield><subfield code='b'>scsbnypl</subfield></datafield><datafield ind1=' ' ind2=' ' tag='866'><subfield code='a'>Bd. 107</subfield><subfield code='0'>16229751</subfield></datafield><datafield ind1=' ' ind2=' ' tag='876'><subfield code='0'>16229751</subfield><subfield code='3'>Bd. 107</subfield><subfield code='a'>22952192</subfield><subfield code='h'>In Library Use</subfield><subfield code='j'>Available</subfield><subfield code='p'>33433129838821</subfield><subfield code='t'>1</subfield><subfield code='x'>Shared</subfield><subfield code='z'>NA</subfield><subfield code='l'>RECAP</subfield></datafield><datafield ind1='8' ind2=' ' tag='852'><subfield code='h'>N40.A63 1992 Bd. 101</subfield><subfield code='0'>16229952</subfield><subfield code='b'>scsbnypl</subfield></datafield><datafield ind1=' ' ind2=' ' tag='866'><subfield code='a'>Bd. 101</subfield><subfield code='0'>16229952</subfield></datafield><datafield ind1=' ' ind2=' ' tag='876'><subfield code='0'>16229952</subfield><subfield code='3'>Bd. 101</subfield><subfield code='a'>22952393</subfield><subfield code='h'>In Library Use</subfield><subfield code='j'>Available</subfield><subfield code='p'>33433121651529</subfield><subfield code='t'>1</subfield><subfield code='x'>Shared</subfield><subfield code='z'>NA</subfield><subfield code='l'>RECAP</subfield></datafield><datafield ind1='8' ind2=' ' tag='852'><subfield code='h'>N40.A63 1992 Bd. 102</subfield><subfield code='0'>16229972</subfield><subfield code='b'>scsbnypl</subfield></datafield><datafield ind1=' ' ind2=' ' tag='866'><subfield code='a'>Bd. 102</subfield><subfield code='0'>16229972</subfield></datafield><datafield ind1=' ' ind2=' ' tag='876'><subfield code='0'>16229972</subfield><subfield code='3'>Bd. 102</subfield><subfield code='a'>22952413</subfield><subfield code='h'>In Library Use</subfield><subfield code='j'>Available</subfield><subfield code='p'>33433121679504</subfield><subfield code='t'>1</subfield><subfield code='x'>Shared</subfield><subfield code='z'>NA</subfield><subfield code='l'>RECAP</subfield></datafield><datafield ind1='8' ind2=' ' tag='852'><subfield code='h'>N40.A63 1992 Bd. 35</subfield><subfield code='0'>16262960</subfield><subfield code='b'>scsbnypl</subfield></datafield><datafield ind1=' ' ind2=' ' tag='866'><subfield code='a'>Bd. 35</subfield><subfield code='0'>16262960</subfield></datafield><datafield ind1=' ' ind2=' ' tag='876'><subfield code='0'>16262960</subfield><subfield code='3'>Bd. 35</subfield><subfield code='a'>22997209</subfield><subfield code='h'>In Library Use</subfield><subfield code='j'>Available</subfield><subfield code='p'>33433015918661</subfield><subfield code='t'>1</subfield><subfield code='x'>Shared</subfield><subfield code='z'>NA</subfield><subfield code='l'>RECAP</subfield></datafield><datafield ind1='8' ind2=' ' tag='852'><subfield code='h'>N40.A63 1992 Bd. 34</subfield><subfield code='0'>16262963</subfield><subfield code='b'>scsbnypl</subfield></datafield><datafield ind1=' ' ind2=' ' tag='866'><subfield code='a'>Bd. 34</subfield><subfield code='0'>16262963</subfield></datafield><datafield ind1=' ' ind2=' ' tag='876'><subfield code='0'>16262963</subfield><subfield code='3'>Bd. 34</subfield><subfield code='a'>22997212</subfield><subfield code='h'>In Library Use</subfield><subfield code='j'>Available</subfield><subfield code='p'>33433015929569</subfield><subfield code='t'>1</subfield><subfield code='x'>Shared</subfield><subfield code='z'>NA</subfield><subfield code='l'>RECAP</subfield></datafield><datafield ind1='8' ind2=' ' tag='852'><subfield code='h'>N40.A63 1992 Bd. 33</subfield><subfield code='0'>16262974</subfield><subfield code='b'>scsbnypl</subfield></datafield><datafield ind1=' ' ind2=' ' tag='866'><subfield code='a'>Bd. 33</subfield><subfield code='0'>16262974</subfield></datafield><datafield ind1=' ' ind2=' ' tag='876'><subfield code='0'>16262974</subfield><subfield code='3'>Bd. 33</subfield><subfield code='a'>22997223</subfield><subfield code='h'>In Library Use</subfield><subfield code='j'>Available</subfield><subfield code='p'>33433015929551</subfield><subfield code='t'>1</subfield><subfield code='x'>Shared</subfield><subfield code='z'>NA</subfield><subfield code='l'>RECAP</subfield></datafield><datafield ind1='8' ind2=' ' tag='852'><subfield code='h'>N40.A63 1992 Bd. 38</subfield><subfield code='0'>16262975</subfield><subfield code='b'>scsbnypl</subfield></datafield><datafield ind1=' ' ind2=' ' tag='866'><subfield code='a'>Bd. 38</subfield><subfield code='0'>16262975</subfield></datafield><datafield ind1=' ' ind2=' ' tag='876'><subfield code='0'>16262975</subfield><subfield code='3'>Bd. 38</subfield><subfield code='a'>22997224</subfield><subfield code='h'>In Library Use</subfield><subfield code='j'>Available</subfield><subfield code='p'>33433059037592</subfield><subfield code='t'>1</subfield><subfield code='x'>Shared</subfield><subfield code='z'>NA</subfield><subfield code='l'>RECAP</subfield></datafield><datafield ind1='8' ind2=' ' tag='852'><subfield code='h'>N40.A63 1992 Bd. 36</subfield><subfield code='0'>16263080</subfield><subfield code='b'>scsbnypl</subfield></datafield><datafield ind1=' ' ind2=' ' tag='866'><subfield code='a'>Bd. 36</subfield><subfield code='0'>16263080</subfield></datafield><datafield ind1=' ' ind2=' ' tag='876'><subfield code='0'>16263080</subfield><subfield code='3'>Bd. 36</subfield><subfield code='a'>22997329</subfield><subfield code='h'>In Library Use</subfield><subfield code='j'>Available</subfield><subfield code='p'>33433015970506</subfield><subfield code='t'>1</subfield><subfield code='x'>Shared</subfield><subfield code='z'>NA</subfield><subfield code='l'>RECAP</subfield></datafield><datafield ind1='8' ind2=' ' tag='852'><subfield code='h'>N40.A63 1992 Bd. 37</subfield><subfield code='0'>16263092</subfield><subfield code='b'>scsbnypl</subfield></datafield><datafield ind1=' ' ind2=' ' tag='866'><subfield code='a'>Bd. 37</subfield><subfield code='0'>16263092</subfield></datafield><datafield ind1=' ' ind2=' ' tag='876'><subfield code='0'>16263092</subfield><subfield code='3'>Bd. 37</subfield><subfield code='a'>22997341</subfield><subfield code='h'>In Library Use</subfield><subfield code='j'>Available</subfield><subfield code='p'>33433015918281</subfield><subfield code='t'>1</subfield><subfield code='x'>Shared</subfield><subfield code='z'>NA</subfield><subfield code='l'>RECAP</subfield></datafield><datafield ind1='8' ind2=' ' tag='852'><subfield code='h'>N40.A63 1992 Bd. 40</subfield><subfield code='0'>16263121</subfield><subfield code='b'>scsbnypl</subfield></datafield><datafield ind1=' ' ind2=' ' tag='866'><subfield code='a'>Bd. 40</subfield><subfield code='0'>16263121</subfield></datafield><datafield ind1=' ' ind2=' ' tag='876'><subfield code='0'>16263121</subfield><subfield code='3'>Bd. 40</subfield><subfield code='a'>22997370</subfield><subfield code='h'>In Library Use</subfield><subfield code='j'>Available</subfield><subfield code='p'>33433059063267</subfield><subfield code='t'>1</subfield><subfield code='x'>Shared</subfield><subfield code='z'>NA</subfield><subfield code='l'>RECAP</subfield></datafield></record>