
<record><leader>07542cam a2200361Mi 4500</leader><controlfield tag='001'>SCSB-7883985</controlfield><controlfield tag='003'>OCoLC</controlfield><controlfield tag='005'>20140623131106.0</controlfield><controlfield tag='008'>130809s2013    gw       b    000 0 ger d</controlfield><controlfield tag='009'>.b199431140</controlfield><datafield ind1='7' ind2=' ' tag='016'><subfield code='a'>1034377353</subfield><subfield code='2'>GyFmDB</subfield></datafield><datafield ind1=' ' ind2=' ' tag='020'><subfield code='a'>9783943245141 (pbk.)</subfield></datafield><datafield ind1=' ' ind2=' ' tag='020'><subfield code='a'>3943245144 (pbk.)</subfield></datafield><datafield ind1=' ' ind2=' ' tag='040'><subfield code='a'>OHX</subfield><subfield code='b'>eng</subfield><subfield code='c'>OHX</subfield><subfield code='d'>STF</subfield><subfield code='d'>OCLCO</subfield><subfield code='d'>NYP</subfield></datafield><datafield ind1=' ' ind2=' ' tag='043'><subfield code='a'>e-gx---</subfield></datafield><datafield ind1=' ' ind2=' ' tag='049'><subfield code='a'>NYPP</subfield></datafield><datafield ind1='1' ind2='4' tag='050'><subfield code='a'>PN5204 .D38 2013</subfield></datafield><datafield ind1=' ' ind2='7' tag='072'><subfield code='a'>PN</subfield><subfield code='2'>lcco</subfield></datafield><datafield ind1=' ' ind2='7' tag='072'><subfield code='a'>LF</subfield><subfield code='2'>lcco</subfield></datafield><datafield ind1='0' ind2='0' tag='245'><subfield code='a'>Deutsche Presseforschung :</subfield><subfield code='b'>Geschichte und Forschungsprojekte des ältesten historischen Instituts der Universität Bremen : mit einleitenden Beiträgen zur Bedeutung der historischen Presseforschung /</subfield><subfield code='c'>herausgegeben von Holger Böning ... [et al.].</subfield></datafield><datafield ind1=' ' ind2=' ' tag='260'><subfield code='a'>Bremen :</subfield><subfield code='b'>Edition Lumiere,</subfield><subfield code='c'>2013.</subfield></datafield><datafield ind1=' ' ind2=' ' tag='300'><subfield code='a'>342 p. ;</subfield><subfield code='c'>23 cm.</subfield></datafield><datafield ind1='1' ind2=' ' tag='490'><subfield code='a'>Presse und Geschichte ;</subfield><subfield code='v'>Bd. 76</subfield></datafield><datafield ind1=' ' ind2=' ' tag='500'><subfield code='a'>Considerably revised new edition.</subfield></datafield><datafield ind1=' ' ind2=' ' tag='504'><subfield code='a'>Includes bibliographical references.</subfield></datafield><datafield ind1='0' ind2='0' tag='505'><subfield code='t'>Allgemeines zu Geschichte und Aufgaben --</subfield><subfield code='t'>Vorbemerkung : historische Presseforschung und Quellensicherung --</subfield><subfield code='t'>Johannes Weber : zu Geschichte und Aufgaben der Deutschen Presseforschung --</subfield><subfield code='t'>Hartwig Gebhardt : Mediengeschichte als Kulturgeschichte --</subfield><subfield code='t'>Holger Böning : vom Wert der Quellen für die Rekonstruktion historischer Ereignisse und publizistischer Unternehmungen --</subfield><subfield code='t'>Astrid Blome : Tagespublizistik und Geschichtsschreibung (nicht nur) im 17. und 18. Jahrhundert --</subfield><subfield code='t'>Michael Nagel, Moshe Zimmermann (Hebr. Universität Jerusalem) : the historical German-Jewish press : a project for groundwork research in an open field of German-Jewish history --</subfield><subfield code='t'>Allgemeiner Teil zu Aufgaben und Organisation des Instituts --</subfield><subfield code='t'>Aufgaben und Organisation --</subfield><subfield code='t'>Ausstattung des Instituts --</subfield><subfield code='t'>Im Institut vorhandene Archivbestände, Arbeitsmaterialien und Sammlungen --</subfield><subfield code='t'>Vermittlung der Forschungsergebnisse --</subfield><subfield code='t'>Buchreihen --</subfield><subfield code='t'>Eigene Tagungen und Kongresse --</subfield><subfield code='t'>Ausstellungen --</subfield><subfield code='t'>Förderer der Tätigkeit der Deutschen Presseforschung --</subfield><subfield code='t'>Internationaler Beirat des Instituts Deutsche Presseforschung --</subfield><subfield code='t'>Service des Instituts Deutsche Presseforschung --</subfield><subfield code='t'>Kontakte --</subfield><subfield code='t'>Jahrbuch für Kommunikationsgeschichte --</subfield><subfield code='t'>Gesellschaft für Deutsche Presseforschung zu Bremen e.V. --</subfield><subfield code='t'>Berichte und Planungen aus den Forschungsbereichen --</subfield><subfield code='t'>Forschungsbereich &quot;Frühgeschichte der deutschen Presse&quot; /</subfield><subfield code='r'>Johannes Weber --</subfield><subfield code='t'>Forschungsprojekt &quot;Zeitung und Zeitschrift im 17. Jahrhundert&quot; /</subfield><subfield code='r'>Johannes Weber --</subfield><subfield code='t'>Weitere Forschungen zur Frühgeschichte der deutschen Presse /</subfield><subfield code='r'>Holger Böning --</subfield><subfield code='t'>Forschungsprojekt &quot;Deutsche Messrelationen von 1583-1648&quot; /</subfield><subfield code='r'>Klaus Bender --</subfield><subfield code='t'>&quot;Deutsche und lateinische Messrelationen von den Anfängen im 16. Jahrhundert (1583) bis 1806&quot; und &quot;Zeitungsextrakte&quot; : zwei DFG-Forschungsprojekte zu typischen Presseerzeugnissen der Frühen Neuzeit /</subfield><subfield code='r'>Esther-Beate Körber --</subfield><subfield code='t'>&quot;Der afrikanische Kontinent und seine Bewohner in den publizistischen Medien der Frühen Neuzeit (16. und 17. Jh.)&quot; /</subfield><subfield code='r'>Aïssatou Bouba --</subfield><subfield code='t'>DFG-Forschungsprojekt &quot;Schreibkalender der Frühen Neuzeit : wissenschaftliche Professionalisierung des Kalenderwesens im 17. Jahrhundert&quot; /</subfield><subfield code='r'>Klaus-Dieter Herbst --</subfield><subfield code='t'>DFG-Forschungsprojekt &quot;Internetportal historischer Kalender&quot; /</subfield><subfield code='r'>Klaus-Dieter Herbst --</subfield><subfield code='t'>Forschungsprojekt &quot;Das deutsche Russlandbild im frühen 18. Jahrhundert&quot; /</subfield><subfield code='r'>Astrid Blome --</subfield><subfield code='t'>Forschungsbereich &quot;Deutsche Presse von der Aufklärung bis zum Vormärz&quot; /</subfield><subfield code='r'>Holger Böning --</subfield><subfield code='t'>Volkswagenstiftung-Forschungsprojekt &quot;Französische Revolution und deutsche Öffentlichkeit&quot; /</subfield><subfield code='r'>Holger Böning, Hartwig Gebhardt, Emmy Moepps, Ulrike Möllney, Antje Siemer --</subfield><subfield code='t'>DFG-Forschungsprojekt &quot;Deutsche Presse von den Anfängen bis 1815&quot; /</subfield><subfield code='r'>Holger Böning, Emmy Moepps, Michael Nagel --</subfield><subfield code='t'>Pressebibliographie Leipzig /</subfield><subfield code='r'>Michael Nagel --</subfield><subfield code='t'>Akademieprojekt &quot;Bibliographische Erfassung sowie inhaltliche Erschließung des periodischen Schrifttums von den Anfängen des Druckes bis zum Jahr 1815 für zentrale Regionen des deutschen Sprachgebiets : Erstellung einer Internetdatenbank zur historischen deutschen Presse bis 1815&quot; /</subfield><subfield code='r'>Holger Böning --</subfield><subfield code='t'>Forschungsprojekt &quot;Volksaufklärung&quot; /</subfield><subfield code='r'>Holger Böning, Reinhart Siegert, Freiburg i.Br. --</subfield><subfield code='t'>Forschungsprojekt &quot;Geschichte, Literatur und Presse der Schweiz&quot; /</subfield><subfield code='r'>Holger Böning --</subfield><subfield code='t'>Forschungsprojekt &quot;Geschichte der sächsischen Kalender im 18. und frühen 19. Jahrhundert&quot; /</subfield><subfield code='r'>Frank Andert --</subfield><subfield code='t'>Forschungsprojekt &quot;Intelligenzblätter im deutschsprachigen Raum&quot; /</subfield><subfield code='r'>Astrid Blome, Holger Böning --</subfield><subfield code='t'>Habilitationsprojekt &quot;Intelligenzwesen&quot; /</subfield><subfield code='r'>Astrid Blome --</subfield><subfield code='t'>Forschungsprojekt &quot;Entstehung der Musikpublizistik und der Moralischen Wochenschriften in Deutschland : Biographie des Hamburger Publizisten Johann Mattheson&quot; /</subfield><subfield code='r'>Holger Böning --</subfield><subfield code='t'>Forschungsprojekt &quot;Friedrich II. : Rezeption, preußische Publizistik und Volksaufklärung&quot; /</subfield><subfield code='r'>Holger Böning --</subfield><subfield code='t'>Forschungsbereich &quot;Deutsche Presse seit 1848&quot; --</subfield><subfield code='t'>Forschungsprojekt &quot;Geschichte der allgemeinen illustrierten Zeitschriften in Deutschland vom Vormärz bis zur Mitte des 20. Jahrhunderts&quot; /</subfield><subfield code='r'>Hartwig Gebhardt --</subfield><subfield code='t'>Forschungsprojekt &quot;Geschichte der Bremer Presse&quot; /</subfield><subfield code='r'>Hartwig Gebhardt --</subfield><subfield code='t'>Forschungsprojekt &quot;Journalismus als Beruf /</subfield><subfield code='r'>Hartwig Gebhardt --</subfield><subfield code='t'>Einzelforschungen --</subfield><subfield code='t'>Forschungsprojekt &quot;Presse für deutsche Einwanderinnen in den USA 1890-1914&quot; /</subfield><subfield code='r'>Monika Blaschke --</subfield><subfield code='t'>Forschungsprojekt &quot;Vier Jahrhunderte Bremer Presse /</subfield><subfield code='r'>Astrid Blome, Holger Böning --</subfield><subfield code='t'>Forschungsprojekt &quot;Liedpublizistik der Bundesrepublik Deutschland und der DDR&quot; /</subfield><subfield code='r'>Holger Böning --</subfield><subfield code='t'>Forschungsbereich &quot;Deutsch-jüdische Presse&quot; /</subfield><subfield code='r'>Michael Nagel, in Zusammenarbeit mit Stephanie Seul --</subfield><subfield code='t'>Einrichtung, Anliegen, bisherige Ergebnisse im Überblick --</subfield><subfield code='t'>Zum Untersuchungsgegenstand --</subfield><subfield code='t'>Aufgabengebiete und Tätigkeit --</subfield><subfield code='t'>Zur Bedeutung der deutsch-jüdischen Presse innerhalb der deutsch-jüdischen Geschichte : zur Forschungslage --</subfield><subfield code='t'>Zur Buchreihe &quot;Die jüdische Presse : Kommunikationsgeschichte im europäischen Raum/ the European Jewish press : studies in history and language&quot; --</subfield><subfield code='t'>Abgeschlossene Forschungsprojekte zur Thematik der deutsch-jüdischen Presse und Literatur seit 1990 --</subfield><subfield code='t'>Laufende Projekte zur historischen deutsch-jüdischen Presse --</subfield><subfield code='t'>Eigene Tagungen --</subfield><subfield code='t'>Forschungsbereich &quot;Geschichte der Propaganda und der transnationalen Kommunikation des 19. und 20. Jahrhunderts&quot; /</subfield><subfield code='r'>Stephanie Seul --</subfield><subfield code='t'>Forschungsprojekt &quot;Die britische Propaganda gegen das Dritte Reich 1938-1945&quot; /</subfield><subfield code='r'>Stephanie Seul --</subfield><subfield code='t'>Forschungsprojekt &quot;Die internationale Presseberichterstattung über den deutschen Antisemitismus zur Zeit der Weimarer Republik 1918-1933 : Großbritannien, USA, Italien, Frankreich und Österreich im Vergleich&quot; /</subfield><subfield code='r'>Stephanie Seul --</subfield><subfield code='t'>Forschungsprojekt &quot;Die Resonanz der Internationalen Presse-Ausstellung PRESSA (Köln 1928) in der deutschen und internationalen Presseöffentlichkeit&quot; /</subfield><subfield code='r'>Stephanie Seul --</subfield><subfield code='t'>Forschungsprojekt &quot;Der Völkerbund als Akteur und Arena einer transnationalen Öffentlichkeit in der Zwischenkriegszeit (1919-1939) : Deutschland, Frankreich und Großbritannien im Vergleich&quot; /</subfield><subfield code='r'>Stefanie Averbeck-Lietz und Stephanie Seul unter Mitarbeit von Erik Koenen --</subfield><subfield code='t'>Ausblick : zur weiteren Entwicklung des Instituts Deutsche Presseforschung.</subfield></datafield><datafield ind1='2' ind2='0' tag='610'><subfield code='a'>Universität Bremen.</subfield><subfield code='b'>Deutsche Presseforschung</subfield><subfield code='x'>History.</subfield></datafield><datafield ind1=' ' ind2='0' tag='650'><subfield code='a'>Press</subfield><subfield code='z'>Germany</subfield><subfield code='x'>History.</subfield></datafield><datafield ind1=' ' ind2='0' tag='830'><subfield code='a'>Presse und Geschichte ;</subfield><subfield code='v'>Bd. 76.</subfield></datafield><datafield ind1=' ' ind2=' ' tag='907'><subfield code='a'>.b199431140</subfield><subfield code='c'>m</subfield><subfield code='d'>a</subfield><subfield code='e'>-</subfield><subfield code='f'>ger</subfield><subfield code='g'>gw</subfield><subfield code='h'>0</subfield><subfield code='i'>1</subfield></datafield><datafield ind1=' ' ind2=' ' tag='035'><subfield code='a'>(OCoLC)855530872</subfield></datafield><datafield ind1='8' ind2=' ' tag='852'><subfield code='h'>ReCAP 14-21177</subfield><subfield code='0'>8024537</subfield><subfield code='b'>scsbnypl</subfield></datafield><datafield ind1=' ' ind2=' ' tag='876'><subfield code='0'>8024537</subfield><subfield code='a'>13216263</subfield><subfield code='j'>Available</subfield><subfield code='p'>33433112471176</subfield><subfield code='t'>1</subfield><subfield code='x'>Shared</subfield><subfield code='z'>NA</subfield><subfield code='l'>RECAP</subfield></datafield></record>