
<record><leader>04158cam a2200433Mi 4500</leader><controlfield tag='001'>SCSB-8346370</controlfield><controlfield tag='003'>OCoLC</controlfield><controlfield tag='005'>20160422080531.0</controlfield><controlfield tag='008'>151127s2015    gw a     b    001 0bger d</controlfield><controlfield tag='009'>.b208571838</controlfield><datafield ind1='7' ind2=' ' tag='016'><subfield code='a'>1074367251</subfield><subfield code='2'>DE-101</subfield></datafield><datafield ind1=' ' ind2=' ' tag='020'><subfield code='a'>9783867291521</subfield><subfield code='q'>(pbk.)</subfield></datafield><datafield ind1=' ' ind2=' ' tag='020'><subfield code='a'>3867291527</subfield><subfield code='q'>(pbk.)</subfield></datafield><datafield ind1='3' ind2=' ' tag='024'><subfield code='a'>9783867291521</subfield></datafield><datafield ind1=' ' ind2=' ' tag='040'><subfield code='a'>OHX</subfield><subfield code='b'>eng</subfield><subfield code='c'>OHX</subfield><subfield code='d'>OCLCQ</subfield><subfield code='d'>EYM</subfield><subfield code='d'>OCLCQ</subfield><subfield code='d'>HLS</subfield><subfield code='d'>OCLCO</subfield><subfield code='d'>STF</subfield><subfield code='d'>OCLCF</subfield><subfield code='d'>NYP</subfield></datafield><datafield ind1=' ' ind2=' ' tag='043'><subfield code='a'>e-gx---</subfield></datafield><datafield ind1=' ' ind2=' ' tag='049'><subfield code='a'>NYPP</subfield></datafield><datafield ind1=' ' ind2='4' tag='050'><subfield code='a'>Z315.F76</subfield><subfield code='b'>D54 2015</subfield></datafield><datafield ind1=' ' ind2='7' tag='072'><subfield code='a'>Z</subfield><subfield code='2'>lcco</subfield></datafield><datafield ind1='1' ind2=' ' tag='100'><subfield code='a'>Dietsch, Ingrid.</subfield></datafield><datafield ind1='1' ind2='0' tag='245'><subfield code='a'>Friedrich Johannes Frommann (1797-1886) und der deutsche Buchhandel /</subfield><subfield code='c'>Ingrid Dietsch.</subfield></datafield><datafield ind1=' ' ind2=' ' tag='250'><subfield code='a'>1. Auflage.</subfield></datafield><datafield ind1=' ' ind2=' ' tag='260'><subfield code='a'>Beucha :</subfield><subfield code='b'>Sax-Verlag,</subfield><subfield code='c'>2015.</subfield></datafield><datafield ind1=' ' ind2=' ' tag='300'><subfield code='a'>160 pages :</subfield><subfield code='b'>illustrations ;</subfield><subfield code='c'>23 cm</subfield></datafield><datafield ind1=' ' ind2=' ' tag='336'><subfield code='a'>text</subfield><subfield code='b'>txt</subfield><subfield code='2'>rdacontent</subfield></datafield><datafield ind1=' ' ind2=' ' tag='337'><subfield code='a'>unmediated</subfield><subfield code='b'>n</subfield><subfield code='2'>rdamedia</subfield></datafield><datafield ind1=' ' ind2=' ' tag='338'><subfield code='a'>volume</subfield><subfield code='b'>nc</subfield><subfield code='2'>rdacarrier</subfield></datafield><datafield ind1=' ' ind2=' ' tag='500'><subfield code='a'>Biography.</subfield></datafield><datafield ind1=' ' ind2=' ' tag='504'><subfield code='a'>Includes bibliographical references and index.</subfield></datafield><datafield ind1='0' ind2='0' tag='505'><subfield code='g'>Einführung --</subfield><subfield code='t'>... wer soll es besser machen, wenn nicht Sie und ich? Das Buchhändlergewerbe erlernen --</subfield><subfield code='t'>Die ersten Jahre : von Schlesien nach Jena : die Familie : Schulzeit in Gotha : Gründung der Burschenschaft in Jena (1797-1815) --</subfield><subfield code='t'>Leipzig : die Welt der Buchhändler : Studium in Berlin : Stüve, der Freund fürs Leben (1816-1817) --</subfield><subfield code='t'>Das Burschenfest auf der Wartburg (1817) --</subfield><subfield code='t'>Reaktionen auf das Wartburgfest : Bewerbung bei Friedrich Christoph Perthes (1817-1818) --</subfield><subfield code='t'>Bei Perthes &amp; Besser in Hamburg : Kotzebues Ermordung und die politischen Folgen : Hausdurchsuchung in Jena : Familienkontakte in Hamburg (1818-1820) --</subfield><subfield code='t'>Besuche in Kassel und Kiel : die Familien Grimm, von Rantzau und von Low : Ausbildung beim Onkel Wesselhöft und in der Andreaeschen Buchhandlung in Frankfurt, M. (1820-1823) --</subfield><subfield code='t'>Im Haus des Bankiers von Willemer : Korrespondenz mit Marianne von Willemer (1821-1823) --</subfield><subfield code='t'>Auf der Leipziger Ostermesse von 1823 : mit Cotta nach Berlin : Wanderzeit : ein Taschenbuch für Fußreisende (1823-1824) --</subfield><subfield code='t'>Ich bin jetzt in den Jahren, wo es die höchste Zeit ist, mir einen Wirkungskreis zu bereiten, der meiner Natur gemäß ist. Seinen Platz im Leben suchen --</subfield><subfield code='t'>Eintritt in die Firma des Vaters : Wesselhöfts Rückzug : Schwierigkeiten mit dem Vater : Heirat : Tod der Mutter : Oldenbourgs Beobachtungen (1824-1834) --</subfield><subfield code='t'>Die angespannte Firmensituation vor und nach dem Tod des Vaters : die helfende Schwiegermutter : Verlagsprogramm der Firma Frommann (1837-1855) --</subfield><subfield code='t'>Frühes politisches Interesse : Reaktionen auf die Karlsbader Beschlüsse : Politische Schriften von Stüve und anderen : politisches Engagement : Ringen um die deutsche Einheit : Verfassungsfragen und allgemeine Grundrechte (1819-1870-71) --</subfield><subfield code='t'>... nicht die Herrschaft, sondern der Dienst ... : vom Zusammenschluss deutscher Buchhändler : Der Börsenverein in seinen ersten Jahrzehnten (1825-1875) --</subfield><subfield code='t'>Mir wird es auch selten so gut, daß ich mich einmal mit einem Mann aussprechen kann : Lebenserfahrungen bewerten --</subfield><subfield code='t'>Freundschaftliche Beziehungen zwischen den Häusern Frommann und Goethe (1798-1885) --</subfield><subfield code='t'>Einige Korrespondenzen im Frommann-Nachlass : Familie Bohn, Familie Wesselhöft, Johann Diederich Gries, Adele Schopenhauer, Johann Georg Rist, Heinrich Wilhelm J. Thiersch, Wilhelm Ludwig Hertz : Stüve und die Zeitumstände (1827-1885) --</subfield><subfield code='t'>Frommanns Familie : die Ehe mit Wilhelmine Günther : die Kinder : Todesfälle : die Last des Alters (1830-1886) --</subfield><subfield code='t'>Anhang --</subfield><subfield code='t'>Der Frommannsche Familiennachlass --</subfield><subfield code='t'>Zeittafel --</subfield><subfield code='g'>Benutzte Quellen und zitierte Literatur --</subfield><subfield code='g'>Abbildungsnachweis --</subfield><subfield code='g'>Personenregister --</subfield><subfield code='g'>Dank.</subfield></datafield><datafield ind1='1' ind2='0' tag='600'><subfield code='a'>Frommann, F. J.</subfield><subfield code='q'>(Friedrich Johannes),</subfield><subfield code='d'>1797-1886.</subfield></datafield><datafield ind1=' ' ind2='0' tag='650'><subfield code='a'>Booksellers and bookselling</subfield><subfield code='z'>Germany.</subfield></datafield><datafield ind1='1' ind2='7' tag='600'><subfield code='a'>Frommann, F. J.</subfield><subfield code='q'>(Friedrich Johannes),</subfield><subfield code='d'>1797-1886.</subfield><subfield code='2'>fast</subfield><subfield code='0'>(OCoLC)fst00269369</subfield></datafield><datafield ind1=' ' ind2='7' tag='650'><subfield code='a'>Booksellers and bookselling.</subfield><subfield code='2'>fast</subfield><subfield code='0'>(OCoLC)fst00836492</subfield></datafield><datafield ind1=' ' ind2='7' tag='651'><subfield code='a'>Germany.</subfield><subfield code='2'>fast</subfield><subfield code='0'>(OCoLC)fst01210272</subfield></datafield><datafield ind1=' ' ind2=' ' tag='907'><subfield code='a'>.b208571838</subfield><subfield code='c'>m</subfield><subfield code='d'>a</subfield><subfield code='e'>-</subfield><subfield code='f'>ger</subfield><subfield code='g'>gw</subfield><subfield code='h'>0</subfield><subfield code='i'>1</subfield></datafield><datafield ind1=' ' ind2=' ' tag='035'><subfield code='a'>(OCoLC)930610430</subfield></datafield><datafield ind1='8' ind2=' ' tag='852'><subfield code='h'>ReCAP 16-12264</subfield><subfield code='0'>8501231</subfield><subfield code='b'>scsbnypl</subfield></datafield><datafield ind1=' ' ind2=' ' tag='876'><subfield code='0'>8501231</subfield><subfield code='a'>13883779</subfield><subfield code='j'>Available</subfield><subfield code='p'>33433118495823</subfield><subfield code='t'>1</subfield><subfield code='x'>Shared</subfield><subfield code='z'>NA</subfield><subfield code='l'>RECAP</subfield></datafield></record>