
<record><leader>00831nam a2200229I  4500</leader><controlfield tag='001'>SCSB-10246944</controlfield><controlfield tag='005'>20020606163548.3</controlfield><controlfield tag='008'>841114s1917    gw            000 0 ger  </controlfield><controlfield tag='009'>990057396120203941</controlfield><datafield ind1=' ' ind2=' ' tag='010'><subfield code='a'>^^^21014167^</subfield></datafield><datafield ind1=' ' ind2=' ' tag='035'><subfield code='a'>(OCoLC)11385979</subfield></datafield><datafield ind1=' ' ind2=' ' tag='040'><subfield code='a'>DLC</subfield><subfield code='c'>RCE</subfield><subfield code='d'>HMU</subfield></datafield><datafield ind1='0' ind2=' ' tag='050'><subfield code='a'>ML423.L35</subfield><subfield code='b'>B3</subfield></datafield><datafield ind1='1' ind2=' ' tag='100'><subfield code='a'>Bettelheim, Anton,</subfield><subfield code='d'>1851-1930</subfield></datafield><datafield ind1='1' ind2='0' tag='245'><subfield code='a'>Leben und Wirken des Freiherrn Rochus von Liliencron.</subfield><subfield code='b'>Mit Beiträgen zur Geschichte der Allgemeinen deutschen Biographie.</subfield><subfield code='c'>Von Anton Bettelheim. Mit einem Bildnis Rochus v. Liliencrons.</subfield></datafield><datafield ind1=' ' ind2=' ' tag='260'><subfield code='a'>Berlin,</subfield><subfield code='b'>G. Reimer,</subfield><subfield code='c'>1917.</subfield></datafield><datafield ind1=' ' ind2=' ' tag='300'><subfield code='a'>316 p.</subfield><subfield code='b'>front. (port.)</subfield><subfield code='c'>24 cm.</subfield></datafield><datafield ind1='1' ind2='0' tag='600'><subfield code='a'>Liliencron, Rochus,</subfield><subfield code='c'>Freiherr von,</subfield><subfield code='d'>1820-1912</subfield></datafield><datafield ind1='0' ind2='0' tag='630'><subfield code='a'>Allgemeine deutsche Biographie.</subfield></datafield><datafield ind1=' ' ind2='7' tag='655'><subfield code='a'>Biografie.</subfield><subfield code='0'>(DE-588)4006804-3.</subfield><subfield code='2'>gnd</subfield></datafield><datafield ind1='0' ind2='8' tag='776'><subfield code='i'>Online version:</subfield><subfield code='a'>Bettelheim, Anton, 1851-1930.</subfield><subfield code='t'>Leben und Wirken des Freiherrn Rochus von Liliencron.</subfield><subfield code='d'>Berlin, G. Reimer, 1917</subfield><subfield code='w'>(OCoLC)592634515</subfield></datafield><datafield ind1='1' ind2=' ' tag='583'><subfield code='a'>committed to retain</subfield><subfield code='c'>20181001</subfield><subfield code='d'>in perpetuity</subfield><subfield code='f'>ReCAP Shared Collection</subfield><subfield code='5'>HUL</subfield><subfield code='8'>221951230250003941</subfield></datafield><datafield ind1=' ' ind2=' ' tag='901'><subfield code='a'>98ec5fc2-32a7-409f-b3ae-d8b39309e732</subfield><subfield code='b'>13</subfield><subfield code='c'>false</subfield></datafield><datafield ind1='7' ind2=' ' tag='852'><subfield code='2'>ZHCL</subfield><subfield code='c'>HD</subfield><subfield code='h'>Mus 3790.15.5</subfield><subfield code='0'>11009720</subfield><subfield code='b'>scsbhl</subfield></datafield><datafield ind1=' ' ind2=' ' tag='876'><subfield code='0'>11009720</subfield><subfield code='a'>16724180</subfield><subfield code='h'> </subfield><subfield code='j'>Available</subfield><subfield code='k'>MUS</subfield><subfield code='p'>ML16UL</subfield><subfield code='x'>Shared</subfield><subfield code='z'>ML</subfield><subfield code='l'>HD</subfield></datafield></record>