
<record><leader>10221cam a2200397Ii 4500</leader><controlfield tag='001'>SCSB-8131516</controlfield><controlfield tag='003'>OCoLC</controlfield><controlfield tag='005'>20140821111818.0</controlfield><controlfield tag='008'>140131t20122012gw       b    001 0 ger d</controlfield><controlfield tag='009'>.b200397023</controlfield><datafield ind1='7' ind2=' ' tag='016'><subfield code='a'>1026096731</subfield><subfield code='2'>GyFmDB</subfield></datafield><datafield ind1=' ' ind2=' ' tag='020'><subfield code='a'>9783941955585 (pbk.)</subfield></datafield><datafield ind1=' ' ind2=' ' tag='020'><subfield code='a'>3941955586 (pbk.)</subfield></datafield><datafield ind1=' ' ind2=' ' tag='040'><subfield code='a'>OHX</subfield><subfield code='b'>eng</subfield><subfield code='e'>rda</subfield><subfield code='c'>OHX</subfield><subfield code='d'>EMU</subfield><subfield code='d'>STF</subfield><subfield code='d'>NYP</subfield></datafield><datafield ind1=' ' ind2=' ' tag='049'><subfield code='a'>NYPP</subfield></datafield><datafield ind1=' ' ind2='7' tag='072'><subfield code='a'>DD</subfield><subfield code='2'>lcco</subfield></datafield><datafield ind1=' ' ind2='7' tag='072'><subfield code='a'>HM</subfield><subfield code='2'>lcco</subfield></datafield><datafield ind1=' ' ind2=' ' tag='090'><subfield code='a'>DD256.6</subfield><subfield code='b'>.L47 2012</subfield></datafield><datafield ind1='1' ind2=' ' tag='100'><subfield code='a'>Lesko, Peter.</subfield></datafield><datafield ind1='1' ind2='0' tag='245'><subfield code='a'>In Sachen Deutschtum :</subfield><subfield code='b'>Biographie und Geschichte im Urteil über ein regimeloyales Tagebuch aus der NS-Zeit /</subfield><subfield code='c'>Peter Lesko.</subfield></datafield><datafield ind1=' ' ind2='1' tag='264'><subfield code='a'>Dreieich bei Frankfurt :</subfield><subfield code='b'>Medu,</subfield><subfield code='c'>[2012]</subfield></datafield><datafield ind1=' ' ind2='4' tag='264'><subfield code='c'>©2012</subfield></datafield><datafield ind1=' ' ind2=' ' tag='300'><subfield code='a'>521 pages ;</subfield><subfield code='c'>21 cm</subfield></datafield><datafield ind1=' ' ind2=' ' tag='336'><subfield code='a'>text</subfield><subfield code='2'>rdacontent</subfield></datafield><datafield ind1=' ' ind2=' ' tag='337'><subfield code='a'>unmediated</subfield><subfield code='2'>rdamedia</subfield></datafield><datafield ind1=' ' ind2=' ' tag='338'><subfield code='a'>volume</subfield><subfield code='2'>rdacarrier</subfield></datafield><datafield ind1=' ' ind2=' ' tag='504'><subfield code='a'>Includes bibliographical references and indexes.</subfield></datafield><datafield ind1='0' ind2='0' tag='505'><subfield code='t'>Biographie und Tagebuch im Zeitkontext --</subfield><subfield code='t'>Biographische Grundierung --</subfield><subfield code='t'>Heimatgeschichtlicher Hintergrund : Anhalt-Dessau : Dessau-Wörlitz --</subfield><subfield code='t'>Anhaltische Toleranzpolitik --</subfield><subfield code='t'>Das Judentum (I) --</subfield><subfield code='t'>Zwischenbilanz des Antisemitismus --</subfield><subfield code='t'>&quot;Dessau fuit&quot; --</subfield><subfield code='t'>Anhalt/Dessau bis 1918 --</subfield><subfield code='t'>Das Judentum (II) --</subfield><subfield code='t'>Dessau nach 1918 bis zum Ende der jüdischen Gemeinde --</subfield><subfield code='t'>Resümee der &quot;Judenfrage&quot; --</subfield><subfield code='t'>Fortsetzung der Biographie bis zum Beginn des Tagebuchs im März 1939 --</subfield><subfield code='t'>Etappen der nazistischen Barbarisierung : ganz Deutschland naziflziert? --</subfield><subfield code='t'>Das Tagebuch : Auszüge zum Nachweis pronazistischen Sympathisierens --</subfield><subfield code='t'>Andere Seiten des Tagebuchs --</subfield><subfield code='t'>Weitere Auszüge des Tagebuchs bis zum Ende (1943) --</subfield><subfield code='t'>Biographisches Plädoyer (I) --</subfield><subfield code='t'>Erziehung, Bildung, Sozialisation im Kaiserreich : Traditionen und Einflüsse --</subfield><subfield code='t'>Einleitung und Systematik --</subfield><subfield code='t'>Die zentralen Gesichtspunkte der weiteren Abhandlung : Nationalismus und Antisemitismus --</subfield><subfield code='t'>Die konkreten Ansätze --</subfield><subfield code='t'>Nationalismus (I), teutsch und deutsch --</subfield><subfield code='t'>Nationalismus und Nation --</subfield><subfield code='t'>&quot;Germania, mir graut vor dir!&quot; --</subfield><subfield code='t'>Bismarck / Das Deutschtum --</subfield><subfield code='t'>Militarismus --</subfield><subfield code='t'>&quot;General Dr. von Staat&quot; --</subfield><subfield code='t'>Zwischenbilanz --</subfield><subfield code='t'>Resümee zum Deutschtum Bismarcks --</subfield><subfield code='t'>Antisemitismus (I), religiös bis rassistisch-eliminatorisch (mit Pogromen) --</subfield><subfield code='t'>Antijudaismus --</subfield><subfield code='t'>Historischer Rückblick --</subfield><subfield code='t'>Mittelalter --</subfield><subfield code='t'>&quot;trucidatus Salvator inter nos&quot; --</subfield><subfield code='t'>Luther --</subfield><subfield code='t'>Aufklärung und Emanzipation --</subfield><subfield code='t'>Rassismus --</subfield><subfield code='t'>&quot;Diese giftige Judenhumanität&quot; : Anti-Emanzipationsbewegungen --</subfield><subfield code='t'>&quot;Deutschland, Christenvolk, ermanne dich, wach auf!&quot; : &quot;Berliner Bewegung&quot; --</subfield><subfield code='t'>Der Berliner Antisemitismusstreit --</subfield><subfield code='t'>Zwischenbilanz und Betrachtungen über Antisemitismustheorien --</subfield><subfield code='t'>Nationalismus (II), alldeutsch-extrem --</subfield><subfield code='t'>Das Fin de siècle --</subfield><subfield code='t'>Die Alldeutschen (&quot;Mutterlauge der Nazis&quot;) --</subfield><subfield code='t'>&quot;Heilig sei uns der Krieg&quot; --</subfield><subfield code='t'>&quot;Ehre, Freiheit, Vaterland&quot; : die Burschenschaften, &quot;gegründet auf das Verhältnis der teutschen Jugend zur werdenden Einheit des teutschen Volks&quot; --</subfield><subfield code='t'>Der nationale Sozialimus --</subfield><subfield code='t'>&quot;Zu Großem sind wir noch bestimmt, und herrlichen Tagen werde ich euch noch entgegenführen&quot; : der Wilhelminismus --</subfield><subfield code='t'>&quot;Die Juden sind die Parasiten meines Reichs&quot; : &quot;Sie müssen ausgemerzt werden&quot; : &quot;Das Beste wäre Gas&quot; --</subfield><subfield code='t'>Die Wilhelminische Kulturepoche --</subfield><subfield code='t'>Exkurs : der Fall Wagner --</subfield><subfield code='t'>Gerechtigkeit für das 19. Jahrhundert --</subfield></datafield><datafield ind1='0' ind2='0' tag='505'><subfield code='t'>Wagners musikdramatisches Werk --</subfield><subfield code='t'>&quot;Deutsche Kunst&quot; und &quot;Deutsches Schwert&quot; --</subfield><subfield code='t'>Biographisches Plädoyer (II) --</subfield><subfield code='t'>Nationalismus (III), radikal, imperialistisch-militant : der &quot;Griff nach der Weltmacht&quot; : der 1. Weltkrieg --</subfield><subfield code='t'>Auf dem Weg zur &quot;Weltmacht&quot; und zum 1 .Weltkrieg --</subfield><subfield code='t'>Der 1 .Weltkrieg : Trauma und verlorene Illussionen der Kaiserdeutschen --</subfield><subfield code='t'>&quot;Im Krieg offenbart sich der Staat in seinem wahren Wesen, er ist seine höchste Leistung&quot; --</subfield><subfield code='t'>Der deutsche Militarismus (nach Sombart) --</subfield><subfield code='t'>Der Verrat am Geist (I) : &quot;Ohne den deutschen Militarismus wäre die deutsche Kultur längst vertilgt&quot; --</subfield><subfield code='t'>&quot;Heil mir, dass ich Ergriffene sehe!&quot; : literarische Kriegspropaganda --</subfield><subfield code='t'>Aufmarsch der rechten Trommler : deutsche Vaterlandspartei --</subfield><subfield code='t'>Kritik der Kritik an den &quot;Großmachtträumern&quot; --</subfield><subfield code='t'>Antisemitismus (II) 1900-1918 --</subfield><subfield code='t'>&quot;Dazu also hält man für sein Land den Schädel hin&quot; --</subfield><subfield code='t'>&quot;Schlagt sie tot, das Weltgericht fragt Euch nach den Gründen nicht!&quot; --</subfield><subfield code='t'>Schlussbemerkung --</subfield><subfield code='t'>Biographisches Plädoyer (III) --</subfield><subfield code='t'>&quot;Das Schrifttum als geistiger Raum der Nation&quot; --</subfield><subfield code='t'>Der Fall Nietzsche (I) --</subfield><subfield code='t'>Nietzsche und die Religion --</subfield><subfield code='t'>Nietzsche und der Sozialismus der Linken und der Rechten --</subfield><subfield code='t'>Nietzsche und die Avantgarde --</subfield><subfield code='t'>Die Konservative (Kultur-)Revolution --</subfield><subfield code='t'>Thomas Mann : ein Exempel --</subfield><subfield code='t'>Schlussbemerkung --</subfield><subfield code='t'>Biographisches Plädoyer (IV) --</subfield><subfield code='t'>Weimar : der halbherzige Kompromiss : die verspielte Chance --</subfield><subfield code='t'>Nationalismus (IV) : Neonationalismus, konterrevolutionär --</subfield><subfield code='t'>Revision oder Revanche : &quot;Im Felde unbesiegt!&quot; --</subfield><subfield code='t'>Einleitung : der Weg zur Demokratie --</subfield><subfield code='t'>Die missratene Revolution --</subfield><subfield code='t'>Versailles --</subfield><subfield code='t'>Die ersten fünf Jahre : die Reaktion : nationale Revision : Radikalisierung rechts und links --</subfield><subfield code='t'>Der &quot;Feind steht links&quot; : der &quot;Feind steht rechts&quot; --</subfield><subfield code='t'>Die Weimarer Rechtspflege : &quot;Lügenrecht ( -- ) der neue Geist ist Lügengeist : Staatskunst ist Lügenkunst&quot; --</subfield><subfield code='t'>Die Strafsache Adolf Hitler und Komplizen wegen Hochverrats --</subfield><subfield code='t'>Aus den Lehrjahren eines &quot;absoluten Herrn und Meisters&quot; --</subfield><subfield code='t'>Die &quot;Goldenen Zwanziger&quot; : Scheinblüte und innerer Verfall --</subfield><subfield code='t'>Einleitung --</subfield><subfield code='t'>Die &quot;Goldenen Zwanziger&quot; --</subfield><subfield code='t'>Der neue Nationalismus : die Gegenrevolution --</subfield><subfield code='t'>Die Ablösung der Ratio durch den Mythos --</subfield><subfield code='t'>Der &quot;Aufmarsch des Nationalismus&quot; --</subfield><subfield code='t'>Aus dem Arsenal der Republikfeinde --</subfield><subfield code='t'>Die Führerideologie, zugleich eine Betrachtung über &quot;Masse und Elite&quot; --</subfield><subfield code='t'>Zwischenfrage : wie konnte die Demokratie eigentlich unpopulär werden? --</subfield><subfield code='t'>Die Verfassungsdemontage --</subfield><subfield code='t'>Die letzten Jahre der Agonie, zugleich eine Nachlese --</subfield><subfield code='g'>Einleitung --</subfield><subfield code='t'>Der &quot;Ersatzkaiser&quot; --</subfield><subfield code='t'>Die &quot;Dritte Front&quot; : die &quot;Harzburger Front&quot; : von Brüning bis Schleicher --</subfield><subfield code='t'>Der Monarchismus als Plattform des Nationalsozialismus --</subfield><subfield code='t'>&quot;Man rufe Mir! Ick komme! Amen&quot; : Wilhelm II. und der Nationalsozialismus --</subfield><subfield code='t'>Das andere Weimar --</subfield><subfield code='t'>Die Massenmedien : Vorgezogene &quot;Gleichschaltung&quot; und Zensur --</subfield><subfield code='t'>War mit der Sozialdemokratie kein Staat zu machen? --</subfield><subfield code='t'>Zwischenbetrachtung über das &quot;Weimar-Syndrom&quot; --</subfield><subfield code='t'>Antisemitismus (III), extrem, mit Pogromtendenz --</subfield><subfield code='g'>Einleitung : die &quot;Protokolle der Weisen von Zion&quot; --</subfield><subfield code='t'>&quot;Offensive des Pogromantisemitismus&quot; --</subfield></datafield><datafield ind1='0' ind2='0' tag='505'><subfield code='t'>&quot;Wenn das Judenblut vom Messer spritzt&quot; -- --</subfield><subfield code='t'>&quot;Deutsche Physik&quot; : die Einstein-Hetze : die Lessing-Hetze --</subfield><subfield code='t'>Botschaften aus der Provinz (Der Fall LudwigThoma) --</subfield><subfield code='t'>Kirchlicher (protestantischer) Antisemitismus --</subfield><subfield code='t'>Der &quot;Antisemitismus der Vernunft&quot; --</subfield><subfield code='t'>Zum jüdischen Selbsthass --</subfield><subfield code='t'>Resümee --</subfield><subfield code='t'>Biographisches Plädoyer (V) --</subfield><subfield code='t'>Volk : Geschichte : Individuum (Oder noch einmal : was ist deutsch?) --</subfield><subfield code='t'>Die Quittung : das &quot;Dritte Reich&quot; --</subfield><subfield code='t'>Nationalismus (V), extrem-radikal, totalitär, imperialistisch --</subfield><subfield code='t'>Aufstieg und Triumph des Nationalsozialismus (NS) : Hitlerismus und Volks-Nazismus : &quot;Bündnis zwischen Mob und Elite&quot; --</subfield><subfield code='g'>Einleitung --</subfield><subfield code='t'>Der Aufbruch --</subfield><subfield code='t'>Der &quot;Sozialismus&quot; als Plattform des Nationalsozialismus --</subfield><subfield code='t'>Die Krisis --</subfield><subfield code='t'>Tollhaus und Heerlager --</subfield><subfield code='t'>&quot;Du bist nichts, dein Volk ist alles!&quot; : zum NS-Programm und seiner Wirksamkeit vor 1933 --</subfield><subfield code='t'>Widerlegung einer Legende? --</subfield><subfield code='t'>&quot;Post hoc ergo propter hoc&quot;? : zur &quot;Kontinuitäts&quot; frage --</subfield><subfield code='t'>Der Nationalsozialismus : eine ideologisch-politische Pathologie --</subfield><subfield code='t'>Klio verhüllt ihr Haupt oder die Flucht ins Abenteuer --</subfield><subfield code='t'>Das große Komplott, das Bändigungskonzept, die &quot;Machtergreifung&quot; --</subfield><subfield code='t'>Deutschlands Überrumpelung und Verblendung --</subfield><subfield code='t'>Der &quot;Tag von Potsdam&quot; als Auftakt der NS-Inszenierung --</subfield><subfield code='t'>Die Kapitulation : Hitlers Ermächtigung --</subfield><subfield code='t'>War es Verhängnis, war es menschliches Versagen? --</subfield><subfield code='t'>Ein Fait accompli --</subfield><subfield code='t'>Zum Versagen der Linken --</subfield><subfield code='t'>&quot;Faschismus und Demokratie sind nur zwei Formen ein und derselben Sache&quot; --</subfield><subfield code='t'>Die &quot;Gleichschaltung&quot; --</subfield><subfield code='t'>Einleitung --</subfield><subfield code='t'>&quot;Ein Volk, ein Reich, ein Führer&quot; --</subfield><subfield code='t'>&quot;Ein Staat, ein Volk, eine Kirche&quot; : der Kirchenkampf --</subfield><subfield code='t'>Politische Opposition im religiös-theologischen Gravamen? --</subfield><subfield code='t'>&quot;Gerecht ist, was dem deutschen Volke frommt&quot; : Justiz im &quot;Dritten Reich&quot; --</subfield><subfield code='t'>Deutschland : eine Mördergrube --</subfield><subfield code='t'>Zur Frage des &quot;Konsenses&quot; --</subfield><subfield code='g'>Einleitung --</subfield><subfield code='t'>&quot;Jekyll &amp; Hyde&quot; : der gewöhnliche Deutsche? --</subfield><subfield code='t'>Die Kontroverse Erika Mann / Carl Zuckmayer (1944) --</subfield><subfield code='t'>Umgekehrter Rassismus? --</subfield><subfield code='t'>Die ewige Frage --</subfield><subfield code='t'>&quot;Keine Spur von Schuldgefühl&quot; : &quot;Penetrantes Selbstmitleid&quot; --</subfield><subfield code='t'>&quot;Mörder in Uniform&quot; --</subfield><subfield code='t'>Das Dilemma der &quot;Vergangenheitsbewältigung&quot; --</subfield><subfield code='t'>Resümee --</subfield><subfield code='t'>Hitler --</subfield><subfield code='t'>&quot;Charisma&quot;? --</subfield><subfield code='t'>&quot;Größe&quot;? --</subfield><subfield code='t'>&quot;George Washington of Germany&quot; --</subfield><subfield code='t'>Überzeugungstäter? : Fazit --</subfield><subfield code='t'>Antisemitismus (IV), extrem-radikal / genozidal --</subfield><subfield code='t'>Keine einheitliche Charakteristik : Formen und Mischformen --</subfield><subfield code='t'>Das Goldhagen-Phantom : das &quot;offene Geheimnis&quot; : Unpopularität der &quot;Ausrottung&quot; --</subfield><subfield code='t'>Amtshilfe der Kirchen --</subfield><subfield code='t'>Kein &quot;nationales Projekt&quot; --</subfield><subfield code='t'>Der Weg nach Auschwitz : die Shoah und die Deutschen : &quot;Kumulative Radikalisierung&quot;? --</subfield><subfield code='t'>Der &quot;Historikerstreit&quot; --</subfield><subfield code='t'>Der Verrat am Geist (II) --</subfield><subfield code='t'>Einleitung und Allgemeines --</subfield><subfield code='t'>&quot;Wir sind die Leibeigenen des Führers!&quot; --</subfield><subfield code='t'>Exemplifikation --</subfield><subfield code='t'>&quot;Wenn ich das Wort Kultur höre, entsichere ich meinen Revolver&quot; --</subfield><subfield code='t'>Heidegger : NS-Philosoph, Pg und &quot;Mitläufer&quot; --</subfield><subfield code='t'>Der Nationalsozialismus : eine &quot;Irrnis des Seins&quot; ? --</subfield><subfield code='t'>Der Fall Nietzsche (II) --</subfield><subfield code='t'>Nietzscheanismus und Nationalsozialismus --</subfield><subfield code='t'>War Nietzsche typisch deutsch? : Deutschlands Schicksal? --</subfield><subfield code='t'>Biographisches Schlussplädoyer --</subfield><subfield code='g'>Einleitung --</subfield><subfield code='t'>Konkretisierung --</subfield><subfield code='t'>Die Schuldfrage (A.Arendt, H. Marcuse) --</subfield><subfield code='t'>&quot;Erfahrung der Verlassenheit&quot; (H.Arendt) --</subfield><subfield code='t'>Missbrauchter Patriotismus --</subfield><subfield code='t'>Persönlichkeitsstörung --</subfield><subfield code='t'>Wagnerianertum --</subfield><subfield code='t'>Versagen des Humanismus (Benn, Sloterdijk, Th. Mann, Andersch : H. Arendt, Reichel) --</subfield><subfield code='g'>Anhang --</subfield><subfield code='g'>Anmerkungen --</subfield><subfield code='g'>Literaturverzeichnis --</subfield><subfield code='g'>Namenregister --</subfield><subfield code='g'>Sachregister I --</subfield><subfield code='g'>Sachregister II (Speziell, Kontrovers).</subfield></datafield><datafield ind1=' ' ind2='0' tag='651'><subfield code='a'>Germany</subfield><subfield code='x'>History</subfield><subfield code='y'>1933-1945</subfield><subfield code='v'>Sources.</subfield></datafield><datafield ind1=' ' ind2='0' tag='650'><subfield code='a'>National socialism</subfield><subfield code='v'>Sources.</subfield></datafield><datafield ind1=' ' ind2=' ' tag='907'><subfield code='a'>.b200397023</subfield><subfield code='c'>m</subfield><subfield code='d'>a</subfield><subfield code='e'>-</subfield><subfield code='f'>ger</subfield><subfield code='g'>gw</subfield><subfield code='h'>0</subfield><subfield code='i'>1</subfield></datafield><datafield ind1=' ' ind2=' ' tag='035'><subfield code='a'>(OCoLC)869723246</subfield></datafield><datafield ind1='8' ind2=' ' tag='852'><subfield code='h'>ReCAP 14-24600</subfield><subfield code='0'>8280173</subfield><subfield code='b'>scsbnypl</subfield></datafield><datafield ind1=' ' ind2=' ' tag='876'><subfield code='0'>8280173</subfield><subfield code='a'>13576100</subfield><subfield code='j'>Available</subfield><subfield code='p'>33433112810191</subfield><subfield code='t'>1</subfield><subfield code='x'>Shared</subfield><subfield code='z'>NA</subfield><subfield code='l'>RECAP</subfield></datafield></record>