
<record><leader>01088nam a2200241Mi 4500</leader><controlfield tag='001'>SCSB-7367480</controlfield><controlfield tag='003'>OCoLC</controlfield><controlfield tag='005'>19980323122352.0</controlfield><controlfield tag='008'>910131s1818    fr            000 0 fre d</controlfield><controlfield tag='009'>.b135903233</controlfield><datafield ind1=' ' ind2=' ' tag='040'><subfield code='a'>PAU</subfield><subfield code='c'>PAU</subfield><subfield code='d'>NYP</subfield></datafield><datafield ind1=' ' ind2=' ' tag='049'><subfield code='a'>NYPE</subfield></datafield><datafield ind1='1' ind2=' ' tag='100'><subfield code='a'>Bosse, Rudolf Heinrich Bernhard,</subfield><subfield code='d'>1778-1855.</subfield></datafield><datafield ind1='1' ind2='0' tag='245'><subfield code='a'>Essai sur l&apos;histoire de l&apos;economie politique des peuples modernes, jusqu&apos;au commencement de l&apos;année 1817.</subfield></datafield><datafield ind1=' ' ind2=' ' tag='260'><subfield code='a'>Paris et Londres :</subfield><subfield code='b'>[a.m.],</subfield><subfield code='c'>1818.</subfield></datafield><datafield ind1=' ' ind2=' ' tag='300'><subfield code='a'>2 v. in 1 ;</subfield><subfield code='c'>21 cm.</subfield></datafield><datafield ind1='4' ind2=' ' tag='510'><subfield code='a'>Allgemeine deutsche biographie</subfield><subfield code='c'>Bd. 3, p. 190.</subfield></datafield><datafield ind1=' ' ind2='0' tag='650'><subfield code='a'>Economic history.</subfield></datafield><datafield ind1='2' ind2=' ' tag='791'><subfield code='a'>John Shaw Billings Memorial Collection.</subfield></datafield><datafield ind1=' ' ind2=' ' tag='907'><subfield code='a'>.b135903233</subfield><subfield code='c'>m</subfield><subfield code='d'>a</subfield><subfield code='e'>-</subfield><subfield code='f'>fre</subfield><subfield code='g'>fr</subfield><subfield code='h'>0</subfield><subfield code='i'>1</subfield></datafield><datafield ind1=' ' ind2=' ' tag='035'><subfield code='a'>(OCoLC)24828668</subfield></datafield><datafield ind1='8' ind2=' ' tag='852'><subfield code='h'>TAH (Bosse, R. H. B. von. Essai sur l&apos;histoire de l&apos;economie politique des peuples modernes)</subfield><subfield code='0'>7465306</subfield><subfield code='b'>scsbnypl</subfield></datafield><datafield ind1=' ' ind2=' ' tag='876'><subfield code='0'>7465306</subfield><subfield code='a'>12213051</subfield><subfield code='h'>In Library Use</subfield><subfield code='j'>Available</subfield><subfield code='p'>33433007545845</subfield><subfield code='t'>1</subfield><subfield code='x'>Shared</subfield><subfield code='z'>NA</subfield><subfield code='l'>RECAP</subfield></datafield></record>