
<record><leader>00888pam a2200289 a 4500</leader><controlfield tag='001'>SCSB-12403292</controlfield><controlfield tag='005'>20020606093309.7</controlfield><controlfield tag='008'>900103s1990    enkab         001 0 eng d</controlfield><controlfield tag='009'>990018303880203941</controlfield><datafield ind1=' ' ind2=' ' tag='035'><subfield code='a'>(MH)001830388HVD01-Aleph</subfield></datafield><datafield ind1=' ' ind2=' ' tag='010'><subfield code='a'>gb^89055388^</subfield></datafield><datafield ind1=' ' ind2=' ' tag='015'><subfield code='a'>GB89-55388</subfield></datafield><datafield ind1=' ' ind2=' ' tag='020'><subfield code='a'>0747030219 (pbk) :</subfield><subfield code='c'>£9.95</subfield></datafield><datafield ind1=' ' ind2=' ' tag='035'><subfield code='a'>(OCoLC)20693368</subfield></datafield><datafield ind1=' ' ind2=' ' tag='040'><subfield code='a'>UKM</subfield><subfield code='c'>UKM</subfield><subfield code='d'>HLS</subfield></datafield><datafield ind1=' ' ind2=' ' tag='043'><subfield code='a'>e-fr---</subfield></datafield><datafield ind1='1' ind2='4' tag='050'><subfield code='a'>DC611.A65</subfield></datafield><datafield ind1='0' ind2='4' tag='082'><subfield code='a'>914.4704838</subfield><subfield code='2'>20</subfield></datafield><datafield ind1='1' ind2=' ' tag='100'><subfield code='a'>Sanger, Andrew.</subfield></datafield><datafield ind1='1' ind2='0' tag='245'><subfield code='a'>South/West France :</subfield><subfield code='b'>Aquitaine, Gascony, the Pyrenees /</subfield><subfield code='c'>Andrew Sanger ; photographs by Joe Cornish.</subfield></datafield><datafield ind1=' ' ind2=' ' tag='260'><subfield code='a'>London :</subfield><subfield code='b'>Christopher Helm,</subfield><subfield code='c'>c1990.</subfield></datafield><datafield ind1=' ' ind2=' ' tag='300'><subfield code='a'>vii, 216 p. :</subfield><subfield code='b'>ill. (some col.), maps ;</subfield><subfield code='c'>22 cm.</subfield></datafield><datafield ind1='1' ind2=' ' tag='490'><subfield code='a'>The Helm French regional guides</subfield></datafield><datafield ind1=' ' ind2=' ' tag='500'><subfield code='a'>Includes index.</subfield></datafield><datafield ind1=' ' ind2='0' tag='651'><subfield code='a'>France, Southwest</subfield><subfield code='x'>Guidebooks.</subfield></datafield><datafield ind1=' ' ind2=' ' tag='653'><subfield code='a'>South-west France - Visitors&apos; guides</subfield></datafield><datafield ind1=' ' ind2='7' tag='655'><subfield code='a'>Guidebooks</subfield><subfield code='2'>fast</subfield></datafield><datafield ind1=' ' ind2='4' tag='830'><subfield code='a'>The Helm French regional guides.</subfield></datafield><datafield ind1='1' ind2=' ' tag='583'><subfield code='a'>committed to retain</subfield><subfield code='c'>20181001</subfield><subfield code='d'>in perpetuity</subfield><subfield code='f'>ReCAP Shared Collection</subfield><subfield code='5'>HUL</subfield><subfield code='8'>221831571660003941</subfield></datafield><datafield ind1='0' ind2=' ' tag='852'><subfield code='c'>HD</subfield><subfield code='h'>DC611.A65</subfield><subfield code='i'>S24 1990x</subfield><subfield code='0'>13240149</subfield><subfield code='b'>scsbhl</subfield></datafield><datafield ind1=' ' ind2=' ' tag='876'><subfield code='0'>13240149</subfield><subfield code='a'>19048227</subfield><subfield code='h'> </subfield><subfield code='j'>Available</subfield><subfield code='k'>WID</subfield><subfield code='p'>HWCTYD</subfield><subfield code='x'>Shared</subfield><subfield code='z'>HW</subfield><subfield code='l'>HD</subfield></datafield></record>