
<record><leader>00000nam  2200325I  4500</leader><controlfield tag='001'>SCSB-8597484</controlfield><controlfield tag='003'>OCoLC</controlfield><controlfield tag='005'>20000629192751.0</controlfield><controlfield tag='008'>881109m19149999flua          000 0 eng dnamI  </controlfield><controlfield tag='009'>.b137071255</controlfield><datafield ind1='1' ind2=' ' tag='100'><subfield code='a'>Branning, William Christopher Columbus,</subfield><subfield code='d'>1848-</subfield></datafield><datafield ind1='2' ind2=' ' tag='791'><subfield code='a'>New York Genealogical and Biographical Society Collection.</subfield></datafield><datafield ind1='3' ind2='0' tag='600'><subfield code='a'>Brennan family.</subfield></datafield><datafield ind1=' ' ind2='0' tag='650'><subfield code='a'>Frontier and pioneer life</subfield><subfield code='z'>Florida.</subfield></datafield><datafield ind1='1' ind2=' ' tag='541'><subfield code='c'>Gift;</subfield><subfield code='a'>New York Genealogical and Biographical Society;</subfield><subfield code='d'>2008.</subfield></datafield><datafield ind1=' ' ind2=' ' tag='500'><subfield code='a'>Historical stories, no. 1-3, of events of the Indian &amp; Civil Wars.</subfield></datafield><datafield ind1=' ' ind2=' ' tag='500'><subfield code='a'>Caption title.</subfield></datafield><datafield ind1=' ' ind2=' ' tag='500'><subfield code='a'>&quot;A Florida souvenir of 1815.&quot;</subfield></datafield><datafield ind1=' ' ind2=' ' tag='500'><subfield code='a'>&quot;Introductory&quot; signed: W.C.C. Branning, sr., author.</subfield></datafield><datafield ind1=' ' ind2=' ' tag='260'><subfield code='a'>[West Palm Beach, Fla.,</subfield><subfield code='b'>Palms Pub.,</subfield><subfield code='c'>c1914-]</subfield></datafield><datafield ind1=' ' ind2=' ' tag='300'><subfield code='a'>v.</subfield><subfield code='b'>illus.</subfield><subfield code='c'>22 cm.</subfield></datafield><datafield ind1='1' ind2='0' tag='245'><subfield code='a'>Andrew Branning&apos;s family: pioneers to the territory of Florida.</subfield></datafield><datafield ind1='0' ind2=' ' tag='799'><subfield code='a'>Gift of New York Genealogical and Biographical Society.</subfield></datafield><datafield ind1=' ' ind2=' ' tag='040'><subfield code='a'>IMF</subfield><subfield code='c'>IMF</subfield><subfield code='d'>NYP</subfield><subfield code='d'>WaOLN</subfield></datafield><datafield ind1=' ' ind2=' ' tag='049'><subfield code='a'>NYPL</subfield></datafield><datafield ind1=' ' ind2=' ' tag='946'><subfield code='a'>r</subfield></datafield><datafield ind1=' ' ind2=' ' tag='997'><subfield code='a'>hh</subfield><subfield code='b'>11-24-00</subfield><subfield code='c'>m</subfield><subfield code='d'>a</subfield><subfield code='e'>-</subfield><subfield code='f'>eng</subfield><subfield code='g'>flu</subfield><subfield code='h'>0</subfield></datafield><datafield ind1=' ' ind2=' ' tag='910'><subfield code='a'>RL</subfield></datafield><datafield ind1='0' ind2='0' tag='907'><subfield code='a'>.b137071255</subfield></datafield><datafield ind1=' ' ind2=' ' tag='035'><subfield code='a'>(OCoLC)18728549</subfield></datafield><datafield ind1='8' ind2=' ' tag='852'><subfield code='h'>NYGB FLA. G 19</subfield><subfield code='0'>8756379</subfield><subfield code='b'>scsbnypl</subfield></datafield><datafield ind1=' ' ind2=' ' tag='876'><subfield code='0'>8756379</subfield><subfield code='a'>14308282</subfield><subfield code='h'>In Library Use</subfield><subfield code='j'>Available</subfield><subfield code='p'>33433083572119</subfield><subfield code='t'>1</subfield><subfield code='x'>Shared</subfield><subfield code='z'>NA</subfield><subfield code='l'>RECAP</subfield></datafield></record>