
<record><leader>01024nam a2200301 a 4500</leader><controlfield tag='001'>SCSB-10464438</controlfield><controlfield tag='005'>20020606093309.7</controlfield><controlfield tag='008'>900523s1990    nyuaf    b    00110 eng  </controlfield><controlfield tag='009'>990020596750203941</controlfield><datafield ind1=' ' ind2=' ' tag='010'><subfield code='a'>^^^90055525^</subfield></datafield><datafield ind1=' ' ind2=' ' tag='020'><subfield code='a'>0060166053 :</subfield><subfield code='c'>$29.95</subfield></datafield><datafield ind1=' ' ind2=' ' tag='020'><subfield code='a'>0060921099 (pbk.)</subfield></datafield><datafield ind1=' ' ind2=' ' tag='035'><subfield code='a'>(OCoLC)22579547</subfield><subfield code='z'>(OCoLC)970724351</subfield><subfield code='z'>(OCoLC)974355953</subfield><subfield code='z'>(OCoLC)976019377</subfield><subfield code='z'>(OCoLC)981582960</subfield><subfield code='z'>(OCoLC)988466283</subfield><subfield code='z'>(OCoLC)991933815</subfield><subfield code='z'>(OCoLC)999569299</subfield><subfield code='z'>(OCoLC)1001505831</subfield><subfield code='z'>(OCoLC)1004876892</subfield><subfield code='z'>(OCoLC)1006436618</subfield><subfield code='z'>(OCoLC)1014259171</subfield><subfield code='z'>(OCoLC)1015693370</subfield><subfield code='z'>(OCoLC)1027349547</subfield><subfield code='z'>(OCoLC)1029435095</subfield><subfield code='z'>(OCoLC)1053019363</subfield><subfield code='z'>(OCoLC)1076712702</subfield><subfield code='z'>(OCoLC)1081066434</subfield><subfield code='z'>(OCoLC)1081796765</subfield><subfield code='z'>(OCoLC)1110309361</subfield><subfield code='z'>(OCoLC)1119401790</subfield><subfield code='z'>(OCoLC)1141621999</subfield><subfield code='z'>(OCoLC)1156728750</subfield><subfield code='z'>(OCoLC)1171020852</subfield><subfield code='z'>(OCoLC)1184100130</subfield><subfield code='z'>(OCoLC)1201235372</subfield><subfield code='z'>(OCoLC)1229326000</subfield><subfield code='z'>(OCoLC)1276574979</subfield><subfield code='z'>(OCoLC)1297010841</subfield><subfield code='z'>(OCoLC)1298811463</subfield><subfield code='z'>(OCoLC)1301517033</subfield><subfield code='z'>(OCoLC)1309374776</subfield><subfield code='z'>(OCoLC)1523720684</subfield><subfield code='z'>(OCoLC)1541743610</subfield><subfield code='z'>(OCoLC)1554039475</subfield><subfield code='z'>(OCoLC)1554056152</subfield><subfield code='z'>(OCoLC)1559256918</subfield><subfield code='z'>(OCoLC)1573097330</subfield><subfield code='z'>(OCoLC)1582999417</subfield></datafield><datafield ind1=' ' ind2=' ' tag='040'><subfield code='a'>DLC</subfield><subfield code='c'>DLC</subfield><subfield code='d'>KSG</subfield></datafield><datafield ind1=' ' ind2=' ' tag='043'><subfield code='a'>e-ur---</subfield></datafield><datafield ind1='0' ind2='0' tag='050'><subfield code='a'>JN6529.I6</subfield><subfield code='b'>A53 1990</subfield></datafield><datafield ind1=' ' ind2='4' tag='060'><subfield code='a'>327.1 A562k</subfield></datafield><datafield ind1='0' ind2='0' tag='082'><subfield code='a'>327.1/247/009</subfield><subfield code='2'>20</subfield></datafield><datafield ind1='1' ind2=' ' tag='100'><subfield code='a'>Andrew, Christopher M.</subfield></datafield><datafield ind1='1' ind2='0' tag='245'><subfield code='a'>KGB :</subfield><subfield code='b'>the inside story of its foreign operations from Lenin to Gorbachev /</subfield><subfield code='c'>Christopher Andrew and Oleg Gordievsky.</subfield></datafield><datafield ind1=' ' ind2=' ' tag='250'><subfield code='a'>1st ed.</subfield></datafield><datafield ind1=' ' ind2=' ' tag='260'><subfield code='a'>New York, NY :</subfield><subfield code='b'>HarperCollinsPublishers,</subfield><subfield code='c'>c1990.</subfield></datafield><datafield ind1=' ' ind2=' ' tag='300'><subfield code='a'>xvii, 776 p., [24] p. of plates :</subfield><subfield code='b'>ill. ;</subfield><subfield code='c'>25 cm.</subfield></datafield><datafield ind1=' ' ind2=' ' tag='340'><subfield code='p'>illustration</subfield><subfield code='p'>map</subfield><subfield code='p'>portrait.</subfield><subfield code='2'>rdaill</subfield></datafield><datafield ind1=' ' ind2=' ' tag='340'><subfield code='p'>plate.</subfield></datafield><datafield ind1=' ' ind2=' ' tag='504'><subfield code='a'>Includes bibliographical references (p. 729-744).</subfield></datafield><datafield ind1=' ' ind2=' ' tag='520'><subfield code='a'>A history of Soviet intelligence service and the evolution of the KGB.</subfield></datafield><datafield ind1='0' ind2=' ' tag='505'><subfield code='a'>Tsarist Origins (1565 -- 1917) -- The Cheka, Counterrevolution, and the &quot;Lockhart conspiracy&quot; (1917 -- 21) -- Foreign intelligence and &quot;active measures&quot; in the Dzerzhinsky era (1919 -27) -- Stalin and spy mania (1926 -- 38) -- &quot;Enemies of the people&quot; abroad (1929 -- 40) -- Sigint, agent penetration, and the magnificent five from Cambridge (1930 -- 39) -- The Second World War (1939 -- 41) -- The Great Patriotic War (1941 -- 45) -- The takeover of eastern Europe (1944 -- 48) -- The Cold War: The Stalinist Phase (1945 -- 53) -- The Cold War after Stalin (1953 -- 63) -- The Brezhnev Era: The East, the Third World, and the West (1964 -- 72/73) -- The decline and fall of Detente (1972 -- 84) -- The Gorbachev era 1985</subfield></datafield><datafield ind1='1' ind2='0' tag='610'><subfield code='a'>Soviet Union.</subfield><subfield code='b'>Komitet gosudarstvennoĭ bezopasnosti</subfield><subfield code='x'>History.</subfield></datafield><datafield ind1=' ' ind2='0' tag='650'><subfield code='a'>Intelligence service</subfield><subfield code='z'>Soviet Union</subfield><subfield code='x'>History</subfield></datafield><datafield ind1=' ' ind2='7' tag='655'><subfield code='a'>History</subfield><subfield code='2'>fast</subfield></datafield><datafield ind1=' ' ind2='7' tag='655'><subfield code='a'>History.</subfield><subfield code='2'>fast</subfield><subfield code='0'>(OCoLC)fst01411628</subfield></datafield><datafield ind1='1' ind2=' ' tag='700'><subfield code='a'>Gordievsky, Oleg</subfield></datafield><datafield ind1='2' ind2=' ' tag='710'><subfield code='a'>Mazal Holocaust Collection</subfield><subfield code='5'>TxSaTAM</subfield></datafield><datafield ind1='0' ind2='8' tag='776'><subfield code='i'>Online version:</subfield><subfield code='a'>Andrew, Christopher M.</subfield><subfield code='t'>KGB.</subfield><subfield code='b'>1st ed.</subfield><subfield code='d'>New York, NY : HarperCollinsPublishers, ©1990</subfield><subfield code='w'>(OCoLC)654240601</subfield></datafield><datafield ind1='1' ind2=' ' tag='583'><subfield code='a'>committed to retain</subfield><subfield code='c'>20181001</subfield><subfield code='d'>in perpetuity</subfield><subfield code='f'>ReCAP Shared Collection</subfield><subfield code='5'>HUL</subfield><subfield code='8'>221827489460003941</subfield></datafield><datafield ind1='0' ind2=' ' tag='852'><subfield code='c'>HD</subfield><subfield code='h'>JN6529.I6</subfield><subfield code='i'>A53 1990</subfield><subfield code='0'>11243075</subfield><subfield code='b'>scsbhl</subfield></datafield><datafield ind1=' ' ind2=' ' tag='876'><subfield code='0'>11243075</subfield><subfield code='a'>16971534</subfield><subfield code='h'> </subfield><subfield code='j'>Available</subfield><subfield code='k'>KSG</subfield><subfield code='p'>HK1BR8</subfield><subfield code='x'>Shared</subfield><subfield code='z'>HK</subfield><subfield code='l'>HD</subfield></datafield></record>