
<record><leader>02018nam a2200397 a 4500</leader><controlfield tag='001'>SCSB-2620732</controlfield><controlfield tag='003'>NNC</controlfield><controlfield tag='005'>20220525214741.0</controlfield><controlfield tag='008'>890214t19871987gw a     b    000 0dger  </controlfield><controlfield tag='009'>645673</controlfield><datafield ind1=' ' ind2=' ' tag='010'><subfield code='a'>   88172205 </subfield></datafield><datafield ind1=' ' ind2=' ' tag='020'><subfield code='a'>3795713293</subfield></datafield><datafield ind1=' ' ind2=' ' tag='035'><subfield code='a'>(OCoLC)20631751</subfield></datafield><datafield ind1=' ' ind2=' ' tag='035'><subfield code='a'>(OCoLC)ocm20631751</subfield></datafield><datafield ind1=' ' ind2=' ' tag='035'><subfield code='a'>(CStRLIN)NYCG88-B31324</subfield></datafield><datafield ind1=' ' ind2=' ' tag='035'><subfield code='9'>ACV2657CU</subfield></datafield><datafield ind1=' ' ind2=' ' tag='035'><subfield code='a'>(NNC)645673</subfield></datafield><datafield ind1=' ' ind2=' ' tag='035'><subfield code='a'>645673</subfield></datafield><datafield ind1=' ' ind2=' ' tag='040'><subfield code='a'>DLC</subfield><subfield code='c'>DLC</subfield><subfield code='d'>OCL</subfield></datafield><datafield ind1=' ' ind2=' ' tag='043'><subfield code='a'>e-gw---</subfield></datafield><datafield ind1='0' ind2='0' tag='050'><subfield code='a'>ML410.G78</subfield><subfield code='b'>C6 1987</subfield></datafield><datafield ind1='0' ind2=' ' tag='082'><subfield code='a'>780/.92</subfield><subfield code='2'>20</subfield></datafield><datafield ind1='0' ind2='0' tag='245'><subfield code='a'>Christoph Graupner, Hofkapellmeister in Darmstadt, 1709-1760 /</subfield><subfield code='c'>mit Beiträgen zu Graupners Leben und Werk von Peter Ahnsehl [and others] ; herausgegeben von Oswald Bill.</subfield></datafield><datafield ind1=' ' ind2=' ' tag='260'><subfield code='a'>Mainz ;</subfield><subfield code='a'>New York :</subfield><subfield code='b'>Schott,</subfield><subfield code='c'>[1987], ©1987.</subfield></datafield><datafield ind1=' ' ind2=' ' tag='300'><subfield code='a'>390 pages :</subfield><subfield code='b'>illustrations ;</subfield><subfield code='c'>21 cm.</subfield></datafield><datafield ind1=' ' ind2=' ' tag='336'><subfield code='a'>text</subfield><subfield code='2'>rdacontent</subfield></datafield><datafield ind1=' ' ind2=' ' tag='337'><subfield code='a'>unmediated</subfield><subfield code='2'>rdamedia</subfield></datafield><datafield ind1=' ' ind2=' ' tag='338'><subfield code='a'>volume</subfield><subfield code='2'>rdacarrier</subfield></datafield><datafield ind1='1' ind2=' ' tag='490'><subfield code='a'>Beiträge zur mittelrheinischen Musikgeschichte,</subfield><subfield code='x'>0522-6937 ;</subfield><subfield code='v'>Nr. 28</subfield></datafield><datafield ind1=' ' ind2=' ' tag='504'><subfield code='a'>Includes bibliographical references.</subfield></datafield><datafield ind1='0' ind2=' ' tag='505'><subfield code='a'>Zum Konzertschaffen Christoph Graupners / Peter Ahnsehl -- Die Darmstädter Hofkapelle unter Christoph Graupner 1709-1760 / Joanna Cobb Biermann -- Dokumente zum Leben und Wirken Christoph Graupners in Darmstadt / Oswald Bill -- Die Sinfonien Christoph Graupners / Peter Cahn -- Christoph Graupners Opern / Andrew D. McCredie -- Alte und neue Erkenntnisse zum Klavierschaffen Graupners / Lothar Hoffmann-Erbrecht -- Die Kirchenkantaten Christoph Graupners / Vernon Wicker.</subfield></datafield><datafield ind1='1' ind2='0' tag='600'><subfield code='a'>Graupner, Christoph,</subfield><subfield code='d'>1683-1760.</subfield><subfield code='0'>http://id.loc.gov/authorities/names/n81108881</subfield></datafield><datafield ind1=' ' ind2='0' tag='650'><subfield code='a'>Music</subfield><subfield code='z'>Germany</subfield><subfield code='z'>Darmstadt</subfield><subfield code='y'>18th century</subfield><subfield code='x'>History and criticism.</subfield></datafield><datafield ind1='1' ind2=' ' tag='700'><subfield code='a'>Ahnsehl, Peter.</subfield><subfield code='0'>http://id.loc.gov/authorities/names/n82142879</subfield></datafield><datafield ind1='1' ind2=' ' tag='700'><subfield code='a'>Bill, Oswald.</subfield><subfield code='0'>http://id.loc.gov/authorities/names/n84028944</subfield></datafield><datafield ind1=' ' ind2='0' tag='830'><subfield code='a'>Beiträge zur mittelrheinischen Musikgeschichte ;</subfield><subfield code='v'>Nr. 28.</subfield><subfield code='0'>http://id.loc.gov/authorities/names/n83744287</subfield></datafield><datafield ind1=' ' ind2=' ' tag='901'><subfield code='a'>85706f0a-d9a4-4f6d-a1e4-d28831c54266</subfield><subfield code='b'>24</subfield><subfield code='c'>false</subfield></datafield><datafield ind1='0' ind2='0' tag='852'><subfield code='h'>ML410.G78 C6 1987</subfield><subfield code='0'>2598342</subfield><subfield code='b'>scsbcul</subfield></datafield><datafield ind1=' ' ind2=' ' tag='876'><subfield code='0'>2598342</subfield><subfield code='a'>4148651</subfield><subfield code='h'> </subfield><subfield code='j'>Available</subfield><subfield code='p'>CU54419409</subfield><subfield code='t'>1</subfield><subfield code='x'>Open</subfield><subfield code='z'>CU</subfield><subfield code='l'>RECAP</subfield></datafield></record>