
<record><leader>00703pam a2200205 i 4500</leader><controlfield tag='001'>SCSB-12756923</controlfield><controlfield tag='005'>20020606090541.3</controlfield><controlfield tag='008'>800505s1980    nyu    j      00011 eng  </controlfield><controlfield tag='009'>990009248690203941</controlfield><datafield ind1=' ' ind2=' ' tag='010'><subfield code='a'>^^^80066249^/AC</subfield></datafield><datafield ind1=' ' ind2=' ' tag='020'><subfield code='a'>0590076310 :</subfield><subfield code='c'>$9.95</subfield></datafield><datafield ind1=' ' ind2=' ' tag='035'><subfield code='a'>(OCoLC)6357696</subfield></datafield><datafield ind1=' ' ind2=' ' tag='040'><subfield code='a'>DLC</subfield><subfield code='c'>DLC</subfield><subfield code='d'>m.c.</subfield></datafield><datafield ind1='0' ind2='0' tag='050'><subfield code='a'>PZ7.R727</subfield><subfield code='b'>Car</subfield></datafield><datafield ind1='1' ind2=' ' tag='100'><subfield code='a'>Roth, Arthur J.,</subfield><subfield code='d'>1925-1993</subfield></datafield><datafield ind1='1' ind2='4' tag='245'><subfield code='a'>The caretaker /</subfield><subfield code='c'>by Arthur Roth.</subfield></datafield><datafield ind1=' ' ind2=' ' tag='260'><subfield code='a'>New York :</subfield><subfield code='b'>Four Winds Press,</subfield><subfield code='c'>c1980.</subfield></datafield><datafield ind1=' ' ind2=' ' tag='300'><subfield code='a'>216 p. ;</subfield><subfield code='c'>22 cm.</subfield></datafield><datafield ind1=' ' ind2=' ' tag='520'><subfield code='a'>A teenage boy who works winters as a caretaker for houses in a Long Island resort area suddenly finds himself also taking care of his alcoholic father and a wealthy runaway girl.</subfield></datafield><datafield ind1=' ' ind2='0' tag='650'><subfield code='a'>Alcoholics</subfield><subfield code='v'>Fiction</subfield></datafield><datafield ind1=' ' ind2='0' tag='650'><subfield code='a'>Alcoholics</subfield><subfield code='v'>Juvenile fiction.</subfield></datafield><datafield ind1=' ' ind2='0' tag='650'><subfield code='a'>Fathers and sons</subfield><subfield code='v'>Fiction</subfield></datafield><datafield ind1=' ' ind2='0' tag='650'><subfield code='a'>Fathers and sons</subfield><subfield code='v'>Juvenile fiction</subfield></datafield><datafield ind1=' ' ind2='0' tag='650'><subfield code='a'>Runaway teenagers</subfield><subfield code='v'>Fiction</subfield></datafield><datafield ind1=' ' ind2='0' tag='650'><subfield code='a'>Runaway teenagers</subfield><subfield code='v'>Juvenile fiction.</subfield></datafield><datafield ind1=' ' ind2='0' tag='650'><subfield code='a'>Household employees</subfield><subfield code='v'>Juvenile fiction.</subfield></datafield><datafield ind1=' ' ind2='0' tag='650'><subfield code='a'>Romance fiction</subfield></datafield><datafield ind1=' ' ind2='7' tag='655'><subfield code='a'>Fiction</subfield><subfield code='2'>fast</subfield></datafield><datafield ind1=' ' ind2='7' tag='655'><subfield code='a'>Juvenile works</subfield><subfield code='2'>fast</subfield></datafield><datafield ind1=' ' ind2='7' tag='655'><subfield code='a'>Love stories</subfield><subfield code='2'>gsafd</subfield></datafield><datafield ind1='1' ind2=' ' tag='583'><subfield code='a'>committed to retain</subfield><subfield code='c'>20181001</subfield><subfield code='d'>in perpetuity</subfield><subfield code='f'>ReCAP Shared Collection</subfield><subfield code='5'>HUL</subfield><subfield code='8'>221785392500003941</subfield></datafield><datafield ind1='0' ind2=' ' tag='852'><subfield code='c'>HD</subfield><subfield code='h'>PS3568.O852</subfield><subfield code='i'>C3 x</subfield><subfield code='0'>13604205</subfield><subfield code='b'>scsbhl</subfield></datafield><datafield ind1=' ' ind2=' ' tag='876'><subfield code='0'>13604205</subfield><subfield code='a'>19427330</subfield><subfield code='h'> </subfield><subfield code='j'>Available</subfield><subfield code='k'>WID</subfield><subfield code='p'>HWJBFA</subfield><subfield code='x'>Shared</subfield><subfield code='z'>HW</subfield><subfield code='l'>HD</subfield></datafield></record>