
<record><leader>00643nam a2200229Ii 4500</leader><controlfield tag='001'>SCSB-10954837</controlfield><controlfield tag='005'>20090712232710.0</controlfield><controlfield tag='008'>800219s1962    enk           000 0 eng d</controlfield><controlfield tag='009'>990063217590203941</controlfield><datafield ind1=' ' ind2=' ' tag='035'><subfield code='a'>(OCoLC)5997726</subfield><subfield code='z'>(OCoLC)264055493</subfield><subfield code='z'>(OCoLC)1547395780</subfield></datafield><datafield ind1=' ' ind2=' ' tag='040'><subfield code='a'>KSU</subfield><subfield code='c'>KSU</subfield><subfield code='d'>HLS</subfield></datafield><datafield ind1=' ' ind2='4' tag='050'><subfield code='a'>PR6066.I53</subfield><subfield code='b'>C3 1962</subfield></datafield><datafield ind1=' ' ind2=' ' tag='090'><subfield code='a'>PR6066.I53</subfield><subfield code='b'>C3 1962</subfield></datafield><datafield ind1='1' ind2=' ' tag='100'><subfield code='a'>Pinter, Harold,</subfield><subfield code='d'>1930-2008</subfield></datafield><datafield ind1='1' ind2='4' tag='245'><subfield code='a'>The caretaker :</subfield><subfield code='b'>a play /</subfield><subfield code='c'>Harold Pinter.</subfield></datafield><datafield ind1=' ' ind2=' ' tag='250'><subfield code='a'>2nd ed, rev.</subfield></datafield><datafield ind1=' ' ind2=' ' tag='260'><subfield code='a'>London :</subfield><subfield code='b'>Methuen ,</subfield><subfield code='c'>[1962]</subfield></datafield><datafield ind1=' ' ind2=' ' tag='300'><subfield code='a'>82 p. :</subfield><subfield code='b'>ill. ;</subfield><subfield code='c'>19 cm.</subfield></datafield><datafield ind1='1' ind2=' ' tag='490'><subfield code='a'>Methuen&apos;s Modern plays</subfield></datafield><datafield ind1=' ' ind2='0' tag='650'><subfield code='a'>English drama</subfield><subfield code='y'>20th century</subfield></datafield><datafield ind1=' ' ind2='7' tag='648'><subfield code='a'>1900-1999</subfield><subfield code='2'>fast</subfield></datafield><datafield ind1=' ' ind2='0' tag='830'><subfield code='a'>Methuen modern plays</subfield></datafield><datafield ind1='1' ind2=' ' tag='583'><subfield code='a'>committed to retain</subfield><subfield code='c'>20181001</subfield><subfield code='d'>in perpetuity</subfield><subfield code='f'>ReCAP Shared Collection</subfield><subfield code='5'>HUL</subfield><subfield code='8'>221987207300003941</subfield></datafield><datafield ind1='7' ind2=' ' tag='852'><subfield code='2'>ZHCL</subfield><subfield code='c'>HD</subfield><subfield code='h'>ELB 5401.152</subfield><subfield code='0'>11749338</subfield><subfield code='b'>scsbhl</subfield></datafield><datafield ind1=' ' ind2=' ' tag='876'><subfield code='0'>11749338</subfield><subfield code='a'>17500521</subfield><subfield code='h'> </subfield><subfield code='j'>Available</subfield><subfield code='k'>WID</subfield><subfield code='p'>HN56C9</subfield><subfield code='x'>Shared</subfield><subfield code='z'>HW</subfield><subfield code='l'>HD</subfield></datafield></record>