
<record><leader>02125cam a2200565 i 4500</leader><controlfield tag='001'>SCSB-10767838</controlfield><controlfield tag='005'>20260612213012.0</controlfield><controlfield tag='008'>760302s1960    enka          000 d eng c</controlfield><controlfield tag='009'>990014281490203941</controlfield><datafield ind1=' ' ind2=' ' tag='010'><subfield code='a'>a  61000894 </subfield></datafield><datafield ind1=' ' ind2=' ' tag='015'><subfield code='a'>GB6014945</subfield><subfield code='2'>bnb</subfield></datafield><datafield ind1='7' ind2=' ' tag='016'><subfield code='a'>002921882</subfield><subfield code='2'>Uk</subfield></datafield><datafield ind1='7' ind2=' ' tag='016'><subfield code='a'>011561668</subfield><subfield code='2'>Uk</subfield></datafield><datafield ind1=' ' ind2=' ' tag='035'><subfield code='a'>(OCoLC)2025732</subfield><subfield code='z'>(OCoLC)977862513</subfield><subfield code='z'>(OCoLC)1079115995</subfield></datafield><datafield ind1=' ' ind2=' ' tag='040'><subfield code='a'>Rochester Univ. Library</subfield><subfield code='b'>eng</subfield><subfield code='e'>rda</subfield><subfield code='c'>DLC</subfield><subfield code='d'>SUC</subfield><subfield code='d'>UKM</subfield><subfield code='d'>NLGGC</subfield><subfield code='d'>NZ1</subfield><subfield code='d'>B9K</subfield><subfield code='d'>OCLCQ</subfield><subfield code='d'>UAB</subfield><subfield code='d'>DEBBG</subfield><subfield code='d'>UKMGB</subfield><subfield code='d'>WAU</subfield><subfield code='d'>OCLCF</subfield><subfield code='d'>OCLCQ</subfield><subfield code='d'>OCLCO</subfield><subfield code='d'>OCLCQ</subfield><subfield code='d'>CNUTO</subfield><subfield code='d'>OCLCA</subfield><subfield code='d'>WAU</subfield><subfield code='d'>OCLCA</subfield><subfield code='d'>OCL</subfield><subfield code='d'>HUELT</subfield><subfield code='d'>TYC</subfield><subfield code='d'>OCLCO</subfield><subfield code='d'>CNO</subfield><subfield code='d'>CNMTR</subfield><subfield code='d'>OCLCO</subfield><subfield code='d'>OCLCL</subfield><subfield code='d'>OCLCQ</subfield><subfield code='d'>OCLCL</subfield><subfield code='d'>OCLCQ</subfield><subfield code='d'>HUL</subfield></datafield><datafield ind1=' ' ind2=' ' tag='042'><subfield code='a'>premarc</subfield></datafield><datafield ind1=' ' ind2='4' tag='050'><subfield code='a'>PR6066.I53</subfield><subfield code='b'>C3 1960</subfield></datafield><datafield ind1=' ' ind2='3' tag='055'><subfield code='a'>PR6066.I53</subfield><subfield code='b'>C33 1960</subfield></datafield><datafield ind1='0' ind2='4' tag='082'><subfield code='a'>822/.9/14</subfield><subfield code='2'>19</subfield><subfield code='1'>https://id.oclc.org/worldcat/ddc/E33YDHwC6bdjHvQVDTHBC6CHhj</subfield></datafield><datafield ind1=' ' ind2=' ' tag='084'><subfield code='a'>18.05</subfield><subfield code='2'>bcl</subfield></datafield><datafield ind1=' ' ind2=' ' tag='084'><subfield code='a'>HN 6803</subfield><subfield code='2'>rvk</subfield></datafield><datafield ind1='1' ind2=' ' tag='100'><subfield code='a'>Pinter, Harold,</subfield><subfield code='d'>1930-2008,</subfield><subfield code='e'>author.</subfield></datafield><datafield ind1='1' ind2='4' tag='245'><subfield code='a'>The caretaker :</subfield><subfield code='b'>a play /</subfield><subfield code='c'>by Harold Pinter.</subfield></datafield><datafield ind1=' ' ind2=' ' tag='260'><subfield code='a'>London :</subfield><subfield code='b'>Methuen,</subfield><subfield code='c'>1960.</subfield></datafield><datafield ind1=' ' ind2=' ' tag='300'><subfield code='a'>82 pages :</subfield><subfield code='b'>illustrations (on cover) ;</subfield><subfield code='c'>19 cm.</subfield></datafield><datafield ind1=' ' ind2=' ' tag='336'><subfield code='a'>text</subfield><subfield code='b'>txt</subfield><subfield code='2'>rdacontent</subfield></datafield><datafield ind1=' ' ind2=' ' tag='337'><subfield code='a'>unmediated</subfield><subfield code='b'>n</subfield><subfield code='2'>rdamedia</subfield></datafield><datafield ind1=' ' ind2=' ' tag='338'><subfield code='a'>volume</subfield><subfield code='b'>nc</subfield><subfield code='2'>rdacarrier</subfield></datafield><datafield ind1=' ' ind2=' ' tag='340'><subfield code='m'>8vo.</subfield><subfield code='2'>rdabf</subfield></datafield><datafield ind1=' ' ind2=' ' tag='386'><subfield code='a'>Britons</subfield><subfield code='2'>lcdgt</subfield></datafield><datafield ind1=' ' ind2=' ' tag='386'><subfield code='a'>English</subfield><subfield code='2'>lcdgt</subfield></datafield><datafield ind1=' ' ind2=' ' tag='386'><subfield code='a'>Men</subfield><subfield code='2'>lcdgt</subfield></datafield><datafield ind1=' ' ind2=' ' tag='386'><subfield code='a'>Nobel Prize winners</subfield><subfield code='2'>lcdgt</subfield></datafield><datafield ind1='1' ind2=' ' tag='490'><subfield code='a'>Methuen&apos;s modern plays</subfield></datafield><datafield ind1=' ' ind2='7' tag='655'><subfield code='a'>Annotations.</subfield><subfield code='2'>rbmscv</subfield><subfield code='5'>the</subfield></datafield><datafield ind1=' ' ind2='0' tag='650'><subfield code='a'>Tramps</subfield><subfield code='v'>Drama.</subfield></datafield><datafield ind1=' ' ind2='0' tag='650'><subfield code='a'>Older men</subfield><subfield code='v'>Drama.</subfield></datafield><datafield ind1=' ' ind2='0' tag='650'><subfield code='a'>Brothers</subfield><subfield code='v'>Drama.</subfield></datafield><datafield ind1=' ' ind2='0' tag='650'><subfield code='a'>Interpersonal relations</subfield><subfield code='v'>Drama.</subfield></datafield><datafield ind1=' ' ind2='7' tag='650'><subfield code='a'>Tramps</subfield><subfield code='2'>fast</subfield><subfield code='0'>(OCoLC)fst01154474</subfield></datafield><datafield ind1=' ' ind2='7' tag='650'><subfield code='a'>Interpersonal relations</subfield><subfield code='2'>fast</subfield><subfield code='0'>(OCoLC)fst00977397</subfield></datafield><datafield ind1=' ' ind2='7' tag='650'><subfield code='a'>Brothers</subfield><subfield code='2'>fast</subfield><subfield code='0'>(OCoLC)fst00839665</subfield></datafield><datafield ind1=' ' ind2='7' tag='650'><subfield code='a'>Older men</subfield><subfield code='2'>fast</subfield><subfield code='0'>(OCoLC)fst01199154</subfield></datafield><datafield ind1=' ' ind2='7' tag='655'><subfield code='a'>Drama</subfield><subfield code='2'>fast</subfield><subfield code='0'>(OCoLC)fst01423879</subfield></datafield><datafield ind1=' ' ind2='7' tag='655'><subfield code='a'>Drama</subfield><subfield code='2'>lcgft</subfield></datafield><datafield ind1=' ' ind2='7' tag='655'><subfield code='a'>Théâtre.</subfield><subfield code='2'>rvmgf</subfield></datafield><datafield ind1='1' ind2=' ' tag='700'><subfield code='a'>Pinter, Harold,</subfield><subfield code='d'>1930-2008</subfield><subfield code='e'>former owner,</subfield><subfield code='e'>annotator.</subfield><subfield code='5'>the</subfield></datafield><datafield ind1='0' ind2='8' tag='776'><subfield code='i'>Online version:</subfield><subfield code='a'>Pinter, Harold, 1930-2008.</subfield><subfield code='t'>Caretaker.</subfield><subfield code='d'>London, Methuen [1960]</subfield><subfield code='w'>(OCoLC)551327405</subfield></datafield><datafield ind1=' ' ind2='0' tag='830'><subfield code='a'>Methuen modern plays</subfield></datafield><datafield ind1='1' ind2=' ' tag='583'><subfield code='a'>committed to retain</subfield><subfield code='c'>20181001</subfield><subfield code='d'>in perpetuity</subfield><subfield code='f'>ReCAP Shared Collection</subfield><subfield code='5'>HUL</subfield><subfield code='8'>221807427860003941</subfield></datafield><datafield ind1='7' ind2=' ' tag='852'><subfield code='2'>ZHCL</subfield><subfield code='c'>HD</subfield><subfield code='h'>ELB 5401.150.1</subfield><subfield code='0'>11556918</subfield><subfield code='b'>scsbhl</subfield></datafield><datafield ind1=' ' ind2=' ' tag='876'><subfield code='0'>11556918</subfield><subfield code='a'>17300182</subfield><subfield code='h'> </subfield><subfield code='j'>Available</subfield><subfield code='k'>WID</subfield><subfield code='p'>HWRCJL</subfield><subfield code='x'>Shared</subfield><subfield code='z'>HW</subfield><subfield code='l'>HD</subfield></datafield></record>