
<record><leader>00772cam a2200289   4500</leader><controlfield tag='001'>SCSB-3962566</controlfield><controlfield tag='003'>NNC</controlfield><controlfield tag='005'>20221012230856.0</controlfield><controlfield tag='008'>750917m19519999fr            000 0 fre  </controlfield><controlfield tag='009'>2714976</controlfield><datafield ind1=' ' ind2=' ' tag='010'><subfield code='a'>   52038082 </subfield></datafield><datafield ind1=' ' ind2=' ' tag='035'><subfield code='a'>(OCoLC)ocm01631397</subfield></datafield><datafield ind1=' ' ind2=' ' tag='035'><subfield code='9'>ARG7727CU</subfield></datafield><datafield ind1=' ' ind2=' ' tag='035'><subfield code='a'>(NNC)2714976</subfield></datafield><datafield ind1=' ' ind2=' ' tag='035'><subfield code='a'>2714976</subfield></datafield><datafield ind1=' ' ind2=' ' tag='040'><subfield code='a'>DLC</subfield><subfield code='c'>IVD</subfield><subfield code='d'>SER</subfield><subfield code='d'>ZCU</subfield></datafield><datafield ind1='0' ind2='0' tag='050'><subfield code='a'>B2430.W473</subfield><subfield code='b'>C3</subfield></datafield><datafield ind1=' ' ind2=' ' tag='099'><subfield code='a'>248</subfield><subfield code='a'>W429</subfield></datafield><datafield ind1='1' ind2=' ' tag='100'><subfield code='a'>Weil, Simone,</subfield><subfield code='d'>1909-1943.</subfield><subfield code='0'>http://id.loc.gov/authorities/names/n78080924</subfield></datafield><datafield ind1='1' ind2='0' tag='245'><subfield code='a'>Cahiers.</subfield></datafield><datafield ind1=' ' ind2=' ' tag='260'><subfield code='a'>Paris :</subfield><subfield code='b'>Plon,</subfield><subfield code='c'>[1951]-</subfield></datafield><datafield ind1=' ' ind2=' ' tag='300'><subfield code='a'>volumes ;</subfield><subfield code='c'>19 cm.</subfield></datafield><datafield ind1=' ' ind2=' ' tag='336'><subfield code='a'>text</subfield><subfield code='b'>txt</subfield><subfield code='2'>rdacontent</subfield></datafield><datafield ind1=' ' ind2=' ' tag='337'><subfield code='a'>unmediated</subfield><subfield code='b'>n</subfield><subfield code='2'>rdamedia</subfield></datafield><datafield ind1='1' ind2=' ' tag='490'><subfield code='a'>L&apos;Épi. Nouv. sér</subfield></datafield><datafield ind1=' ' ind2='0' tag='830'><subfield code='a'>Epi.</subfield><subfield code='p'>Nouvelle série.</subfield></datafield><datafield ind1=' ' ind2=' ' tag='901'><subfield code='a'>3b13c692-e9a3-4629-8b4b-77f39cb033ea</subfield><subfield code='b'>9</subfield><subfield code='c'>false</subfield></datafield><datafield ind1='8' ind2='1' tag='852'><subfield code='h'>248 W429</subfield><subfield code='0'>3972822</subfield><subfield code='b'>scsbcul</subfield></datafield><datafield ind1='0' ind2='0' tag='866'><subfield code='a'>v.2-3</subfield><subfield code='0'>3972822</subfield></datafield><datafield ind1=' ' ind2=' ' tag='876'><subfield code='0'>3972822</subfield><subfield code='3'>v.2</subfield><subfield code='a'>5789627</subfield><subfield code='h'> </subfield><subfield code='j'>Available</subfield><subfield code='p'>CU15157318</subfield><subfield code='t'>1</subfield><subfield code='x'>Open</subfield><subfield code='z'>CU</subfield><subfield code='l'>RECAP</subfield></datafield><datafield ind1=' ' ind2=' ' tag='876'><subfield code='0'>3972822</subfield><subfield code='3'>v.3</subfield><subfield code='a'>5789628</subfield><subfield code='h'> </subfield><subfield code='j'>Available</subfield><subfield code='p'>CU15157326</subfield><subfield code='t'>1</subfield><subfield code='x'>Open</subfield><subfield code='z'>CU</subfield><subfield code='l'>RECAP</subfield></datafield></record>