
<record><leader>00696cam a2200265   4500</leader><controlfield tag='001'>SCSB-2896197</controlfield><controlfield tag='003'>NNC</controlfield><controlfield tag='005'>20220601193934.0</controlfield><controlfield tag='008'>791113s1968    fr            000 0 fre  </controlfield><controlfield tag='009'>1022752</controlfield><datafield ind1=' ' ind2=' ' tag='010'><subfield code='a'>   70357676 </subfield></datafield><datafield ind1=' ' ind2=' ' tag='035'><subfield code='a'>(OCoLC)ocm05689580</subfield></datafield><datafield ind1=' ' ind2=' ' tag='035'><subfield code='9'>AFQ3450CU</subfield></datafield><datafield ind1=' ' ind2=' ' tag='035'><subfield code='a'>(NNC)1022752</subfield></datafield><datafield ind1=' ' ind2=' ' tag='035'><subfield code='a'>1022752</subfield></datafield><datafield ind1=' ' ind2=' ' tag='040'><subfield code='a'>DLC</subfield><subfield code='c'>UUM</subfield><subfield code='d'>RQO</subfield></datafield><datafield ind1='0' ind2='0' tag='050'><subfield code='a'>PQ67.D8</subfield><subfield code='b'>A3 1968</subfield></datafield><datafield ind1='1' ind2=' ' tag='100'><subfield code='a'>Duval, Jean,</subfield><subfield code='d'>approximately 1896-1957.</subfield></datafield><datafield ind1='1' ind2='0' tag='245'><subfield code='a'>Cahiers. :</subfield><subfield code='b'>Préface /</subfield><subfield code='c'>par Jean Cassou.</subfield></datafield><datafield ind1=' ' ind2=' ' tag='260'><subfield code='a'>Paris :</subfield><subfield code='b'>J. Corti,</subfield><subfield code='c'>1968.</subfield></datafield><datafield ind1=' ' ind2=' ' tag='300'><subfield code='a'>334 pages ;</subfield><subfield code='c'>23 cm</subfield></datafield><datafield ind1=' ' ind2=' ' tag='336'><subfield code='a'>text</subfield><subfield code='2'>rdacontent</subfield></datafield><datafield ind1=' ' ind2=' ' tag='337'><subfield code='a'>unmediated</subfield><subfield code='2'>rdamedia</subfield></datafield><datafield ind1=' ' ind2=' ' tag='338'><subfield code='a'>volume</subfield><subfield code='2'>rdacarrier</subfield></datafield><datafield ind1=' ' ind2=' ' tag='901'><subfield code='a'>1f7715cc-410b-42fc-89e3-e6f83358cb60</subfield><subfield code='b'>13</subfield><subfield code='c'>false</subfield></datafield><datafield ind1='0' ind2='0' tag='852'><subfield code='h'>PQ67.D8 A3 1968</subfield><subfield code='0'>2873903</subfield><subfield code='b'>scsbcul</subfield></datafield><datafield ind1=' ' ind2=' ' tag='876'><subfield code='0'>2873903</subfield><subfield code='a'>4516043</subfield><subfield code='h'> </subfield><subfield code='j'>Available</subfield><subfield code='p'>CU53121791</subfield><subfield code='t'>1</subfield><subfield code='x'>Open</subfield><subfield code='z'>CU</subfield><subfield code='l'>RECAP</subfield></datafield></record>