
<record><leader>00927cam a2200265   4500</leader><controlfield tag='001'>SCSB-7221563</controlfield><controlfield tag='005'>20000629165609.0</controlfield><controlfield tag='008'>721003m19701974fr            00| 0|fre| </controlfield><controlfield tag='009'>.b100731466</controlfield><datafield ind1=' ' ind2=' ' tag='010'><subfield code='a'>79539726</subfield></datafield><datafield ind1=' ' ind2=' ' tag='040'><subfield code='c'>NN</subfield><subfield code='d'>NN</subfield><subfield code='d'>WaOLN</subfield></datafield><datafield ind1='1' ind2=' ' tag='100'><subfield code='a'>Weil, Simone,</subfield><subfield code='d'>1909-1943.</subfield></datafield><datafield ind1='0' ind2='0' tag='245'><subfield code='a'>Cahiers ...</subfield><subfield code='b'>Nouvelle édition revue et augmentée.</subfield></datafield><datafield ind1=' ' ind2=' ' tag='260'><subfield code='a'>[Paris,]</subfield><subfield code='b'>Plon,</subfield><subfield code='c'>1970-74.</subfield></datafield><datafield ind1=' ' ind2=' ' tag='300'><subfield code='a'>3 v.</subfield><subfield code='c'>21 cm.</subfield></datafield><datafield ind1=' ' ind2=' ' tag='907'><subfield code='a'>.b100731466</subfield><subfield code='c'>m</subfield><subfield code='d'>a</subfield><subfield code='e'>-</subfield><subfield code='f'>fre</subfield><subfield code='g'>fr</subfield><subfield code='h'>0</subfield><subfield code='i'>3</subfield></datafield><datafield ind1=' ' ind2=' ' tag='991'><subfield code='y'>678734</subfield></datafield><datafield ind1=' ' ind2=' ' tag='035'><subfield code='a'>(OCoLC)678734</subfield></datafield><datafield ind1=' ' ind2=' ' tag='901'><subfield code='a'>48fa6b76-baf4-420c-8f44-e156469b0617</subfield><subfield code='b'>13</subfield><subfield code='c'>false</subfield></datafield><datafield ind1='8' ind2=' ' tag='852'><subfield code='h'>JFK 72-138</subfield><subfield code='0'>7316874</subfield><subfield code='b'>scsbnypl</subfield></datafield><datafield ind1=' ' ind2=' ' tag='866'><subfield code='a'>v. 1, v. 2, v. 3</subfield><subfield code='0'>7316874</subfield></datafield><datafield ind1=' ' ind2=' ' tag='876'><subfield code='0'>7316874</subfield><subfield code='3'>v. 1</subfield><subfield code='a'>11935053</subfield><subfield code='j'>Available</subfield><subfield code='p'>33433005270529</subfield><subfield code='t'>1</subfield><subfield code='x'>Open</subfield><subfield code='z'>NA</subfield><subfield code='l'>RECAP</subfield></datafield><datafield ind1=' ' ind2=' ' tag='876'><subfield code='0'>7316874</subfield><subfield code='3'>v. 2</subfield><subfield code='a'>11935054</subfield><subfield code='j'>Available</subfield><subfield code='p'>33433005270545</subfield><subfield code='t'>1</subfield><subfield code='x'>Open</subfield><subfield code='z'>NA</subfield><subfield code='l'>RECAP</subfield></datafield><datafield ind1=' ' ind2=' ' tag='876'><subfield code='0'>7316874</subfield><subfield code='3'>v. 3</subfield><subfield code='a'>11935055</subfield><subfield code='j'>Available</subfield><subfield code='p'>33433005270552</subfield><subfield code='t'>1</subfield><subfield code='x'>Open</subfield><subfield code='z'>NA</subfield><subfield code='l'>RECAP</subfield></datafield></record>