
<record><leader>00654nam a2200217u  4500</leader><controlfield tag='001'>SCSB-12179072</controlfield><controlfield tag='005'>20020606093309.7</controlfield><controlfield tag='008'>890105s1956    fr            000 0 fre d</controlfield><controlfield tag='009'>990033447350203941</controlfield><datafield ind1=' ' ind2=' ' tag='035'><subfield code='a'>(OCoLC)18975050</subfield></datafield><datafield ind1=' ' ind2=' ' tag='040'><subfield code='a'>CUY</subfield><subfield code='c'>CUY</subfield><subfield code='d'>HLS</subfield></datafield><datafield ind1=' ' ind2='4' tag='050'><subfield code='a'>PQ2625.Ma8216</subfield><subfield code='b'>Z52</subfield></datafield><datafield ind1=' ' ind2=' ' tag='090'><subfield code='a'>PQ2625.Ma8216</subfield><subfield code='b'>Z52</subfield></datafield><datafield ind1='1' ind2=' ' tag='100'><subfield code='a'>Martin, Marietta,</subfield><subfield code='d'>1902-1944.</subfield></datafield><datafield ind1='0' ind2='0' tag='245'><subfield code='a'>Cahiers.</subfield><subfield code='c'>Avant propos de G. Epiney-Burgard.</subfield></datafield><datafield ind1=' ' ind2=' ' tag='260'><subfield code='a'>Paris,</subfield><subfield code='b'>La Colombe</subfield><subfield code='c'>[1956]</subfield></datafield><datafield ind1=' ' ind2=' ' tag='300'><subfield code='a'>2 v.</subfield></datafield><datafield ind1='0' ind2=' ' tag='505'><subfield code='a'>v. 1. Cahiers I à IV Départ.--v. 2. Cahiers V à VII. L&apos;orée.</subfield></datafield><datafield ind1='1' ind2='0' tag='600'><subfield code='a'>Martin, Marietta,</subfield><subfield code='d'>1902-1944.</subfield></datafield><datafield ind1='0' ind2='8' tag='776'><subfield code='i'>Online version:</subfield><subfield code='a'>Martin, Marietta, 1902-1944.</subfield><subfield code='t'>Cahiers.</subfield><subfield code='d'>Paris, La Colombe [1956]</subfield><subfield code='w'>(OCoLC)610567767</subfield></datafield><datafield ind1='1' ind2=' ' tag='583'><subfield code='a'>committed to retain</subfield><subfield code='c'>20181001</subfield><subfield code='d'>in perpetuity</subfield><subfield code='f'>ReCAP Shared Collection</subfield><subfield code='5'>HUL</subfield><subfield code='8'>221889402000003941</subfield></datafield><datafield ind1=' ' ind2='0' tag='966'><subfield code='8'>0</subfield><subfield code='a'>2 v. in 1</subfield><subfield code='8'>221889402000003941</subfield></datafield><datafield ind1='7' ind2=' ' tag='852'><subfield code='2'>ZHCL</subfield><subfield code='c'>HD</subfield><subfield code='h'>43697.77.4100</subfield><subfield code='z'>Consult Circ. Desk for v.1-2=HNXFCB</subfield><subfield code='0'>13009546</subfield><subfield code='b'>scsbhl</subfield></datafield><datafield ind1=' ' ind2=' ' tag='876'><subfield code='0'>13009546</subfield><subfield code='3'>v.1-2</subfield><subfield code='a'>18808618</subfield><subfield code='h'> </subfield><subfield code='j'>Available</subfield><subfield code='k'>WID</subfield><subfield code='p'>HNXFCB</subfield><subfield code='x'>Shared</subfield><subfield code='z'>HW</subfield><subfield code='l'>HD</subfield></datafield></record>