
<record><leader>00596nam a2200205I  4500</leader><controlfield tag='001'>SCSB-11442468</controlfield><controlfield tag='005'>20020606163548.3</controlfield><controlfield tag='008'>950821s1952    be            000 0 fre  </controlfield><controlfield tag='009'>990059089610203941</controlfield><datafield ind1=' ' ind2=' ' tag='010'><subfield code='a'>^^^53015709^/L</subfield></datafield><datafield ind1=' ' ind2=' ' tag='035'><subfield code='a'>(OCoLC)80086296</subfield></datafield><datafield ind1=' ' ind2=' ' tag='040'><subfield code='a'>DLC</subfield><subfield code='c'>HLS</subfield></datafield><datafield ind1='0' ind2=' ' tag='050'><subfield code='a'>PQ2623.E912</subfield><subfield code='b'>C3</subfield></datafield><datafield ind1=' ' ind2='0' tag='082'><subfield code='a'>840.81</subfield></datafield><datafield ind1='1' ind2=' ' tag='100'><subfield code='a'>Levêque, Marc,</subfield><subfield code='d'>1932-1951.</subfield></datafield><datafield ind1='1' ind2='0' tag='245'><subfield code='a'>Cahiers.</subfield><subfield code='c'>Avec une préf. de Louis Dubrau.</subfield></datafield><datafield ind1=' ' ind2=' ' tag='260'><subfield code='a'>Bruxelles,</subfield><subfield code='b'>Éditions de la Librairie encyclopédique,</subfield><subfield code='c'>1952.</subfield></datafield><datafield ind1=' ' ind2=' ' tag='300'><subfield code='a'>[320 p.</subfield><subfield code='b'>illus.</subfield><subfield code='c'>19 cm.]</subfield></datafield><datafield ind1='1' ind2=' ' tag='583'><subfield code='a'>committed to retain</subfield><subfield code='c'>20181001</subfield><subfield code='d'>in perpetuity</subfield><subfield code='f'>ReCAP Shared Collection</subfield><subfield code='5'>HUL</subfield><subfield code='8'>221964792340003941</subfield></datafield><datafield ind1='7' ind2=' ' tag='852'><subfield code='2'>ZHCL</subfield><subfield code='c'>HD</subfield><subfield code='h'>KD 55423</subfield><subfield code='8'>221964792340003941</subfield><subfield code='0'>12251394</subfield><subfield code='b'>scsbhl</subfield></datafield><datafield ind1=' ' ind2=' ' tag='876'><subfield code='0'>12251394</subfield><subfield code='a'>18021036</subfield><subfield code='j'>Available</subfield><subfield code='k'>WID</subfield><subfield code='p'>HN24H2</subfield><subfield code='x'>Shared</subfield><subfield code='z'>HW</subfield><subfield code='l'>HD</subfield></datafield></record>