
<record><leader>00845cam a2200253   4500</leader><controlfield tag='001'>SCSB-7254709</controlfield><controlfield tag='005'>20000629173621.0</controlfield><controlfield tag='008'>791204m19731974fr            00| 0|fre| </controlfield><controlfield tag='009'>.b106005984</controlfield><datafield ind1=' ' ind2=' ' tag='010'><subfield code='a'>73327542</subfield></datafield><datafield ind1=' ' ind2=' ' tag='040'><subfield code='c'>NN</subfield><subfield code='d'>NN</subfield><subfield code='d'>WaOLN</subfield></datafield><datafield ind1='1' ind2=' ' tag='100'><subfield code='a'>Valéry, Paul,</subfield><subfield code='d'>1871-1945.</subfield></datafield><datafield ind1='0' ind2='0' tag='245'><subfield code='a'>Cahiers.</subfield><subfield code='b'>Éd. établie, présentée et annotée par Judith Robinson.</subfield></datafield><datafield ind1=' ' ind2=' ' tag='260'><subfield code='a'>[Paris]</subfield><subfield code='b'>Gallimard</subfield><subfield code='c'>[1973-74]</subfield></datafield><datafield ind1=' ' ind2=' ' tag='300'><subfield code='a'>2 v.</subfield><subfield code='c'>18 cm.</subfield></datafield><datafield ind1=' ' ind2=' ' tag='490'><subfield code='a'>Bibliothèque de la Pléiade,</subfield><subfield code='v'>242, 254</subfield></datafield><datafield ind1=' ' ind2=' ' tag='504'><subfield code='a'>Includes bibliographical references and indexes.</subfield></datafield><datafield ind1='1' ind2=' ' tag='700'><subfield code='a'>Robinson, Judith.</subfield></datafield><datafield ind1=' ' ind2=' ' tag='907'><subfield code='a'>.b106005984</subfield><subfield code='c'>m</subfield><subfield code='d'>a</subfield><subfield code='e'>-</subfield><subfield code='f'>fre</subfield><subfield code='g'>fr</subfield><subfield code='h'>0</subfield><subfield code='i'>1</subfield></datafield><datafield ind1=' ' ind2=' ' tag='991'><subfield code='y'>713833</subfield></datafield><datafield ind1=' ' ind2=' ' tag='035'><subfield code='a'>(OCoLC)713833</subfield></datafield><datafield ind1='8' ind2=' ' tag='852'><subfield code='h'>JFK 78-325</subfield><subfield code='0'>7350718</subfield><subfield code='b'>scsbnypl</subfield></datafield><datafield ind1=' ' ind2=' ' tag='866'><subfield code='a'>v. 2</subfield><subfield code='0'>7350718</subfield></datafield><datafield ind1=' ' ind2=' ' tag='876'><subfield code='0'>7350718</subfield><subfield code='3'>v. 2</subfield><subfield code='a'>12003228</subfield><subfield code='j'>Available</subfield><subfield code='p'>33433005959592</subfield><subfield code='t'>1</subfield><subfield code='x'>Shared</subfield><subfield code='z'>NA</subfield><subfield code='l'>RECAP</subfield></datafield></record>