
<record><leader>01249cam a2200361 a 4500</leader><controlfield tag='001'>SCSB-7160432</controlfield><controlfield tag='003'>DLC</controlfield><controlfield tag='005'>20030818100808.0</controlfield><controlfield tag='008'>011218s2001    fr       b    000 0afre  </controlfield><controlfield tag='009'>.b153201381</controlfield><datafield ind1=' ' ind2=' ' tag='010'><subfield code='a'>2002420734</subfield></datafield><datafield ind1=' ' ind2=' ' tag='020'><subfield code='a'>2869595549</subfield></datafield><datafield ind1=' ' ind2=' ' tag='040'><subfield code='a'>DLC</subfield><subfield code='c'>DLC</subfield><subfield code='d'>UtOrBLW</subfield></datafield><datafield ind1=' ' ind2=' ' tag='042'><subfield code='a'>pcc</subfield></datafield><datafield ind1=' ' ind2=' ' tag='043'><subfield code='a'>e-fr---</subfield></datafield><datafield ind1='0' ind2='0' tag='050'><subfield code='a'>DC198.C6</subfield><subfield code='b'>A18 2001</subfield></datafield><datafield ind1='1' ind2=' ' tag='100'><subfield code='a'>Coignet, Jean-Roch,</subfield><subfield code='d'>1776-1860.</subfield></datafield><datafield ind1='1' ind2='0' tag='245'><subfield code='a'>Cahiers /</subfield><subfield code='c'>capitaine Coignet ; préface de Jean Mistler ; avant-propos de Christophe Bourachot.</subfield></datafield><datafield ind1=' ' ind2=' ' tag='260'><subfield code='a'>Paris :</subfield><subfield code='b'>Arléa,</subfield><subfield code='c'>c2001.</subfield></datafield><datafield ind1=' ' ind2=' ' tag='300'><subfield code='a'>425 p. ;</subfield><subfield code='c'>21 cm.</subfield></datafield><datafield ind1=' ' ind2=' ' tag='504'><subfield code='a'>Includes bibliographical references.</subfield></datafield><datafield ind1='1' ind2='0' tag='600'><subfield code='a'>Coignet, Jean-Roch,</subfield><subfield code='d'>1776-1860.</subfield></datafield><datafield ind1='0' ind2='0' tag='600'><subfield code='a'>Napoleon</subfield><subfield code='b'>I,</subfield><subfield code='c'>Emperor of the French,</subfield><subfield code='d'>1769-1821</subfield><subfield code='x'>Contemporaries.</subfield></datafield><datafield ind1='1' ind2='0' tag='610'><subfield code='a'>France.</subfield><subfield code='b'>Armée</subfield><subfield code='x'>Officers</subfield><subfield code='v'>Biography.</subfield></datafield><datafield ind1=' ' ind2='0' tag='651'><subfield code='a'>France</subfield><subfield code='x'>History</subfield><subfield code='y'>Consulate and First Empire, 1799-1815.</subfield></datafield><datafield ind1=' ' ind2='0' tag='650'><subfield code='a'>Napoleonic Wars, 1800-1815</subfield><subfield code='v'>Personal narratives, French.</subfield></datafield><datafield ind1='1' ind2=' ' tag='700'><subfield code='a'>Mistler, Jean,</subfield><subfield code='d'>1897-</subfield></datafield><datafield ind1=' ' ind2=' ' tag='907'><subfield code='a'>.b153201381</subfield><subfield code='c'>m</subfield><subfield code='d'>a</subfield><subfield code='e'>-</subfield><subfield code='f'>fre</subfield><subfield code='g'>fr</subfield><subfield code='h'>0</subfield><subfield code='i'>1</subfield></datafield><datafield ind1=' ' ind2=' ' tag='991'><subfield code='y'>51518452</subfield></datafield><datafield ind1=' ' ind2=' ' tag='035'><subfield code='a'>(OCoLC)51518452</subfield></datafield><datafield ind1='8' ind2=' ' tag='852'><subfield code='h'>JFD 02-7320</subfield><subfield code='0'>7254824</subfield><subfield code='b'>scsbnypl</subfield></datafield><datafield ind1=' ' ind2=' ' tag='876'><subfield code='0'>7254824</subfield><subfield code='a'>11810420</subfield><subfield code='j'>Available</subfield><subfield code='p'>33433018137335</subfield><subfield code='t'>1</subfield><subfield code='x'>Shared</subfield><subfield code='z'>NA</subfield><subfield code='l'>RECAP</subfield></datafield></record>