
<record><leader>00845cam a22002417  4500</leader><controlfield tag='001'>SCSB-11996196</controlfield><controlfield tag='005'>20250526213025.0</controlfield><controlfield tag='008'>861021s1983    fr            000 0 fre d</controlfield><controlfield tag='009'>990002784790203941</controlfield><datafield ind1=' ' ind2=' ' tag='020'><subfield code='a'>2214054790</subfield><subfield code='q'>(paperback)</subfield></datafield><datafield ind1=' ' ind2=' ' tag='020'><subfield code='a'>9782214054796</subfield><subfield code='q'>(paperback)</subfield></datafield><datafield ind1=' ' ind2=' ' tag='035'><subfield code='a'>(OCoLC)144706762</subfield></datafield><datafield ind1=' ' ind2=' ' tag='040'><subfield code='a'>NYP</subfield><subfield code='b'>eng</subfield><subfield code='c'>NYP</subfield><subfield code='d'>OCLCQ</subfield><subfield code='d'>OCLCL</subfield><subfield code='d'>OCLCQ</subfield></datafield><datafield ind1='1' ind2=' ' tag='100'><subfield code='a'>Delhoume, Dominique.</subfield></datafield><datafield ind1='1' ind2='0' tag='245'><subfield code='a'>Cahiers Horizontaux.</subfield></datafield><datafield ind1=' ' ind2=' ' tag='260'><subfield code='a'>Paris :</subfield><subfield code='b'>La Pensee Universelle,</subfield><subfield code='c'>1983.</subfield></datafield><datafield ind1=' ' ind2=' ' tag='300'><subfield code='a'>126 pages</subfield></datafield><datafield ind1=' ' ind2=' ' tag='336'><subfield code='a'>text</subfield><subfield code='b'>txt</subfield><subfield code='2'>rdacontent</subfield></datafield><datafield ind1=' ' ind2=' ' tag='337'><subfield code='a'>unmediated</subfield><subfield code='b'>n</subfield><subfield code='2'>rdamedia</subfield></datafield><datafield ind1=' ' ind2=' ' tag='338'><subfield code='a'>volume</subfield><subfield code='b'>nc</subfield><subfield code='2'>rdacarrier</subfield></datafield><datafield ind1=' ' ind2=' ' tag='758'><subfield code='i'>has work:</subfield><subfield code='a'>Cahiers Horizontaux (Text)</subfield><subfield code='1'>https://id.oclc.org/worldcat/entity/E39PD3DQwKKdwW6FtWYMfy3KxC</subfield><subfield code='4'>https://id.oclc.org/worldcat/ontology/hasWork</subfield></datafield><datafield ind1='1' ind2=' ' tag='583'><subfield code='a'>committed to retain</subfield><subfield code='c'>20181001</subfield><subfield code='d'>in perpetuity</subfield><subfield code='f'>ReCAP Shared Collection</subfield><subfield code='5'>HUL</subfield><subfield code='8'>221754020250003941</subfield></datafield><datafield ind1='0' ind2=' ' tag='852'><subfield code='c'>HD</subfield><subfield code='0'>12821494</subfield><subfield code='b'>scsbhl</subfield></datafield><datafield ind1=' ' ind2=' ' tag='876'><subfield code='0'>12821494</subfield><subfield code='a'>18613491</subfield><subfield code='h'> </subfield><subfield code='j'>Available</subfield><subfield code='k'>WID</subfield><subfield code='p'>HW1CEE</subfield><subfield code='x'>Shared</subfield><subfield code='z'>HW</subfield><subfield code='l'>HD</subfield></datafield></record>