
<record><leader>02122cam a22003494a 4500</leader><controlfield tag='001'>SCSB-15123503</controlfield><controlfield tag='005'>20250621195352.0</controlfield><controlfield tag='008'>001024t20012001njuab    b    001 0 eng  </controlfield><controlfield tag='009'>3026570</controlfield><datafield ind1=' ' ind2=' ' tag='010'><subfield code='a'>   00052465 </subfield></datafield><datafield ind1=' ' ind2=' ' tag='015'><subfield code='a'>GBA1-22722</subfield></datafield><datafield ind1=' ' ind2=' ' tag='020'><subfield code='a'>0135265185</subfield></datafield><datafield ind1=' ' ind2=' ' tag='035'><subfield code='a'>(OCoLC)45243322</subfield></datafield><datafield ind1=' ' ind2=' ' tag='035'><subfield code='0'>ATH5792CU</subfield></datafield><datafield ind1=' ' ind2=' ' tag='035'><subfield code='a'>3026570</subfield></datafield><datafield ind1=' ' ind2=' ' tag='040'><subfield code='a'>DLC</subfield><subfield code='c'>DLC</subfield><subfield code='d'>C#P</subfield><subfield code='d'>UKM</subfield><subfield code='d'>CIT</subfield><subfield code='d'>OrLoB-B</subfield></datafield><datafield ind1=' ' ind2=' ' tag='042'><subfield code='a'>pcc</subfield></datafield><datafield ind1='0' ind2='0' tag='050'><subfield code='a'>GB2403.2</subfield><subfield code='b'>.M37 2001</subfield></datafield><datafield ind1='0' ind2='0' tag='082'><subfield code='a'>551.31</subfield><subfield code='2'>21</subfield></datafield><datafield ind1='1' ind2=' ' tag='100'><subfield code='a'>Martini, I. P.</subfield><subfield code='q'>(Ireneo Peter),</subfield><subfield code='d'>1935-</subfield><subfield code='0'>http://id.loc.gov/authorities/names/n85243971</subfield></datafield><datafield ind1='1' ind2='0' tag='245'><subfield code='a'>Principles of glacial geomorphology and geology /</subfield><subfield code='c'>I. Peter Martini, Michael E. Brookfield, Steven Sadura.</subfield></datafield><datafield ind1=' ' ind2=' ' tag='260'><subfield code='a'>Upper Saddle River, NJ :</subfield><subfield code='b'>Prentice Hall,</subfield><subfield code='c'>[2001], ©2001.</subfield></datafield><datafield ind1=' ' ind2=' ' tag='300'><subfield code='a'>x, 381 pages :</subfield><subfield code='b'>illustrations, maps ;</subfield><subfield code='c'>27 cm</subfield></datafield><datafield ind1=' ' ind2=' ' tag='336'><subfield code='a'>text</subfield><subfield code='b'>txt</subfield><subfield code='2'>rdacontent</subfield></datafield><datafield ind1=' ' ind2=' ' tag='337'><subfield code='a'>unmediated</subfield><subfield code='b'>n</subfield><subfield code='2'>rdamedia</subfield></datafield><datafield ind1=' ' ind2=' ' tag='504'><subfield code='a'>Includes bibliographical references (p. 363-369) and index.</subfield></datafield><datafield ind1='0' ind2='0' tag='505'><subfield code='g'>Ch. 1.</subfield><subfield code='t'>Introduction --</subfield><subfield code='g'>Pt. 1.</subfield><subfield code='t'>Glaciology.</subfield><subfield code='g'>Ch. 2.</subfield><subfield code='t'>Ice Properties.</subfield><subfield code='g'>Ch. 3.</subfield><subfield code='t'>Glaciers --</subfield><subfield code='g'>Pt. 2.</subfield><subfield code='t'>Glacial Geomorphology.</subfield><subfield code='g'>Ch. 4.</subfield><subfield code='t'>Glacial Erosion.</subfield><subfield code='g'>Ch. 5.</subfield><subfield code='t'>Glacial Transportation and Deposition.</subfield><subfield code='g'>Ch. 6.</subfield><subfield code='t'>Glacial Landforms Formed by Glacial Sediments.</subfield><subfield code='g'>Ch. 7.</subfield><subfield code='t'>Fluvial Sediments and Landforms.</subfield><subfield code='g'>Ch. 8.</subfield><subfield code='t'>Glaciomarine and Glaciolacustrine Environments and Deposits --</subfield><subfield code='g'>Pt. 3.</subfield><subfield code='t'>Periglacial Environments.</subfield><subfield code='g'>Ch. 9.</subfield><subfield code='t'>Eolian Sediments and Landforms.</subfield><subfield code='g'>Ch. 10.</subfield><subfield code='t'>Cold-Climate and Frozen-Ground Processes and Features --</subfield><subfield code='g'>Pt. 4.</subfield><subfield code='t'>Geology.</subfield><subfield code='g'>Ch. 11.</subfield><subfield code='t'>Quaternary Stratigraphy.</subfield><subfield code='g'>Ch. 12.</subfield><subfield code='t'>Glacial Legacy: Isostasy, Eustasy, Volcanism, and Biota.</subfield><subfield code='g'>Ch. 13.</subfield><subfield code='t'>The Cenozoic Ice Age.</subfield><subfield code='g'>Ch. 14.</subfield><subfield code='t'>Pre-Quaternary Glaciations.</subfield><subfield code='g'>Ch. 15.</subfield><subfield code='t'>Causes of Glaciation.</subfield><subfield code='t'>Useful North American Addresses and Websites.</subfield></datafield><datafield ind1=' ' ind2='0' tag='650'><subfield code='a'>Glaciers.</subfield><subfield code='0'>http://id.loc.gov/authorities/subjects/sh85055066</subfield></datafield><datafield ind1='1' ind2=' ' tag='700'><subfield code='a'>Brookfield, M. E.</subfield><subfield code='q'>(Michael E.)</subfield><subfield code='0'>http://id.loc.gov/authorities/names/n83156289</subfield></datafield><datafield ind1='1' ind2=' ' tag='700'><subfield code='a'>Sadura, Steven.</subfield><subfield code='0'>http://id.loc.gov/authorities/names/n00008091</subfield></datafield><datafield ind1=' ' ind2=' ' tag='900'><subfield code='a'>AUTH</subfield><subfield code='b'>TOC</subfield></datafield><datafield ind1=' ' ind2=' ' tag='900'><subfield code='a'>MARS</subfield></datafield><datafield ind1='0' ind2='0' tag='852'><subfield code='0'>16207249</subfield><subfield code='h'>GB2403.2</subfield><subfield code='i'>.M37 2001</subfield><subfield code='b'>scsbcul</subfield></datafield><datafield ind1=' ' ind2=' ' tag='876'><subfield code='0'>16207249</subfield><subfield code='a'>22921048</subfield><subfield code='j'>Available</subfield><subfield code='p'>CU28555481</subfield><subfield code='t'>0</subfield><subfield code='x'>Shared</subfield><subfield code='z'>CU</subfield><subfield code='l'>RECAP</subfield></datafield></record>