
<record><leader>01474cam a2200325 a 4500</leader><controlfield tag='001'>SCSB-8513709</controlfield><controlfield tag='005'>20000629180933.0</controlfield><controlfield tag='008'>900807s1961    njub     b   s000 0 eng d</controlfield><controlfield tag='009'>.b113913370</controlfield><datafield ind1=' ' ind2=' ' tag='040'><subfield code='a'>NjR</subfield><subfield code='c'>NjR</subfield><subfield code='d'>NN</subfield><subfield code='d'>WaOLN</subfield></datafield><datafield ind1=' ' ind2=' ' tag='043'><subfield code='a'>n-us-nj</subfield></datafield><datafield ind1='1' ind2=' ' tag='100'><subfield code='a'>Herpers, Henry.</subfield></datafield><datafield ind1='1' ind2='4' tag='245'><subfield code='a'>The Ogdensburg-Culvers Gap recessional moraine and glacial stagnational in New Jersey /</subfield><subfield code='c'>by Henry Herpers.</subfield></datafield><datafield ind1=' ' ind2=' ' tag='260'><subfield code='a'>Trenton, N.J. :</subfield><subfield code='b'>State of New Jersey, Department of Conservation and Economic Development, Division of Resource Development, Bureau of Geology and Topography,</subfield><subfield code='c'>1961.</subfield></datafield><datafield ind1=' ' ind2=' ' tag='300'><subfield code='a'>16 leaves :</subfield><subfield code='b'>map ;</subfield><subfield code='c'>28 cm.</subfield></datafield><datafield ind1='1' ind2=' ' tag='490'><subfield code='a'>Geologic report / New Jersey Geological Survey ;</subfield><subfield code='v'>no. 6</subfield></datafield><datafield ind1=' ' ind2=' ' tag='500'><subfield code='a'>Cover title: The Ogdensburg-Culvers Gap moraine, Sussex County, New Jersey.</subfield></datafield><datafield ind1=' ' ind2=' ' tag='500'><subfield code='a'>Photocopy of original (16 p. on 10 leaves ; 22 x 36 cm.)</subfield></datafield><datafield ind1=' ' ind2=' ' tag='504'><subfield code='a'>Includes bibliographical references.</subfield></datafield><datafield ind1=' ' ind2='0' tag='651'><subfield code='a'>Ogdensburg (N.J.)</subfield><subfield code='v'>Surveys.</subfield></datafield><datafield ind1=' ' ind2='0' tag='650'><subfield code='a'>Geology</subfield><subfield code='z'>New Jersey</subfield><subfield code='z'>Ogdensburg</subfield><subfield code='v'>Surveys.</subfield></datafield><datafield ind1=' ' ind2='0' tag='650'><subfield code='a'>Glacial epoch</subfield><subfield code='z'>New Jersey.</subfield></datafield><datafield ind1='1' ind2=' ' tag='710'><subfield code='a'>New Jersey.</subfield><subfield code='b'>Bureau of Geology and Topography.</subfield></datafield><datafield ind1='0' ind2=' ' tag='740'><subfield code='a'>Ogdensburg-Culvers Gap moraine, Sussex County, New Jersey.</subfield></datafield><datafield ind1=' ' ind2='0' tag='830'><subfield code='a'>Geologic report series ;</subfield><subfield code='v'>no. 6.</subfield></datafield><datafield ind1=' ' ind2=' ' tag='907'><subfield code='a'>.b113913370</subfield><subfield code='c'>m</subfield><subfield code='d'>a</subfield><subfield code='e'>-</subfield><subfield code='f'>eng</subfield><subfield code='g'>nju</subfield><subfield code='h'>4</subfield><subfield code='i'>1</subfield></datafield><datafield ind1='8' ind2=' ' tag='852'><subfield code='h'>JSK 85-23</subfield><subfield code='0'>8670734</subfield><subfield code='b'>scsbnypl</subfield></datafield><datafield ind1=' ' ind2=' ' tag='866'><subfield code='a'>no. 4, 6</subfield><subfield code='0'>8670734</subfield></datafield><datafield ind1=' ' ind2=' ' tag='876'><subfield code='0'>8670734</subfield><subfield code='3'>no. 4, 6</subfield><subfield code='a'>14119711</subfield><subfield code='h'>In Library Use</subfield><subfield code='j'>Available</subfield><subfield code='p'>33433060150400</subfield><subfield code='t'>1</subfield><subfield code='x'>Open</subfield><subfield code='z'>NA</subfield><subfield code='l'>RECAP</subfield></datafield></record>