
<record><leader>00979nam a22002891  4500</leader><controlfield tag='001'>SCSB-12555948</controlfield><controlfield tag='005'>20020606090541.3</controlfield><controlfield tag='008'>850320r19641924nyuabc   b    00010 engmc</controlfield><controlfield tag='009'>990014063020203941</controlfield><datafield ind1=' ' ind2=' ' tag='010'><subfield code='a'>^^^64020222^//r85</subfield></datafield><datafield ind1=' ' ind2=' ' tag='035'><subfield code='a'>(OCoLC)225715</subfield><subfield code='z'>(OCoLC)545959</subfield><subfield code='z'>(OCoLC)5275325</subfield><subfield code='z'>(OCoLC)1145191996</subfield><subfield code='z'>(OCoLC)1153252365</subfield><subfield code='z'>(OCoLC)1166583989</subfield><subfield code='z'>(OCoLC)1166845169</subfield><subfield code='z'>(OCoLC)1224884985</subfield><subfield code='z'>(OCoLC)1231480711</subfield><subfield code='z'>(OCoLC)1298279229</subfield></datafield><datafield ind1=' ' ind2=' ' tag='040'><subfield code='a'>DLC/ICU</subfield><subfield code='c'>CGU</subfield><subfield code='d'>m.c.</subfield></datafield><datafield ind1=' ' ind2=' ' tag='043'><subfield code='a'>n-us---</subfield></datafield><datafield ind1='0' ind2=' ' tag='050'><subfield code='a'>QE13.U6</subfield><subfield code='b'>M6 1964</subfield></datafield><datafield ind1='0' ind2=' ' tag='082'><subfield code='a'>550</subfield></datafield><datafield ind1='1' ind2=' ' tag='100'><subfield code='a'>Merrill, George P.</subfield><subfield code='q'>(George Perkins),</subfield><subfield code='d'>1854-1929</subfield></datafield><datafield ind1='1' ind2='4' tag='245'><subfield code='a'>The first one hundred years of American geology,</subfield><subfield code='c'>by George P. Merrill.</subfield></datafield><datafield ind1=' ' ind2=' ' tag='260'><subfield code='a'>New York,</subfield><subfield code='b'>Hafner Pub. Co.,</subfield><subfield code='c'>1964 [c1924]</subfield></datafield><datafield ind1=' ' ind2=' ' tag='300'><subfield code='a'>xxi, 773 p.</subfield><subfield code='b'>illus., maps, ports.</subfield><subfield code='c'>24 cm.</subfield></datafield><datafield ind1=' ' ind2=' ' tag='500'><subfield code='a'>&quot;Facsimile of the edition of 1924.&quot;</subfield></datafield><datafield ind1=' ' ind2=' ' tag='504'><subfield code='a'>Bibliographical footnotes.</subfield></datafield><datafield ind1='0' ind2=' ' tag='505'><subfield code='8'>1.1\x</subfield><subfield code='a'>The Maclurean era, 1785-1819 : Condition of geological science in the latter part of the eighteenth century ; Work of Guettard, Pallas, DeSaussure, Lehman, Fuchsel, Werner, and Hutton ; Johann Schopf’s contribution to the geology of eastern North America ; Early geological treatises ; Brief papers in the memoirs of the American Academy ; Early views on volcanoes ; Early views on earthquakes ; Maclure’s criticisms of Scrope and Lea ; Condition of analytical chemistry ; Benjamin De Witt on the origin of the drift ; Benjamin Franklin’s theories ; Bartram’s travels ; Early notices of fossil vertebrate remains ; Thomas Jefferson as a paleontologist ; Peale’s account of the mammoth ; S. L. Mitchell on the geology of eastern New York ; Formation of American Mineralogical Society ; Wall of supposed human workmanship ; Smith’s account of the Conewago Hills ; Appointment of Benjamin Silliman at Yale College ; Volney’s views on climate, etc., of the United States ; Silliman’s mineralogy of New Haven; his account of the Weston meteorite ; Mease’s geological account of the United States ; Maclure on the geology of the United States ; Godon’s mineralogical observations ; Bruce’s mineralogical journal ; The New Madrid earthquake ; Early views regarding the natural bridge of Virginia ; Cleaveland’s treatise on mineralogy and geology ; Sketch of Cleaveland ; Second edition of Maclure’s observations ; J. F. and S. L. Dana’s geology and mineralogy of Boston ; Mitchill on the geology of North America ; American Journal of Science ; John Kain on the geology of Virginia and Tennessee ; Edward Hitchcock’s first geological paper ; Amos Eaton’s index to the geology of the northern United States ; Eaton’s conjectures on the formation of the earth ; Formation of the American Geological Society ; Schoolcraft’s explorations in 1818-1821 ; Long’s expedition, 1819-1820 ; Geological notes by Silliman, Olmsted, Pierce, and Atwater ; Akerly on the geology of the Hudson River -- The Eatonian Era, 1820-1829 : Second edition of Eaton’s index, 1820; his views relative to the origin of the continents ; Eaton’s survey of Rensselaer County, New York ; J. B. Gibson on trap rock ; Nuttall’s observations ; H. H. Hayden’s geological essays; his views on the origin of the coastal plain and on rock decomposition ; Sketch of Hayden ; Thomas Cooper’s ideas concerning volcanoes ; Sketch of Cooper ; Supposed human footprints in limestone ; Early suggestions of faulting ; Maclure’s conjectures ; Bigsby’s work in Canada ; Finch’s subdivision of the Tertiary ; Olmsted’s work in North Carolina ; Sketch of Olmsted ; J. E. de Kay’s observations ; Hitchcock’s geology of the region contiguous to the Connecticut River ; Dewey on the geology of western Massachusetts ; Eaton’s survey of the Erie Canal ; Views of Rafinesque ; Symmes Hole ; Attempted geological survey of South Carolina ; The Long-Keating expedition ; J. H. Steel on overturned folds ; Van Rensselaer’s lectures on geology ; Emmons’s manual of mineralogy and geology ; Gerard Troost and his work ; Webster’s account of the geology about Boston ; Alanson Nash on vein formation ; Elisha Mitchell’s work in North Carolina ; Mitchell’s criticism of Olmsted and Rothe ; Dark ages of geology ; First attempt at correlation ; Jackson and Alger’s work in Nova Scotia ; Sketches of Jackson and Alger ; Vanuxem’s views relative to the alluvium and tertiary ; Sketch of Vanuxem ; First American edition of Bakewell’s geology, with Silliman’s notes ; Silliman’s views relative to earth history and the Noachian deluge -- The era of state surveys, first decade, 1839-1839 : Summary of progress ; Amos Eaton’s geological test-book ; His views regarding the formation of various geological deposits ; Personal characteristics of Eaton ; Founding of the monthly American journal of geology ; Sketch of G. W. Featherstonhaugh ; Establishment of state geological survey of Tennessee ; Organization of the geological society of Pennsylvania ; Jacob Green’s monograph of the trilobites of North America ; William Maclure’s geology of the West Indies ; Maclure on the formation of rocks ; T. A. Conrad’s tertiary of North America ; Edward Hitchcock’s survey of Massachusetts; views concerning the origin of rocks and of valleys; on the value of fossils for purposes of correlation; description of overturned folds; controversy relating to the same ; Description of the flattened pebbles in the conglomerate at Newport, R. I. ; Sketch of Hitchcock ; Nicollet’s geological work in North America ; The second American edition of Bakewell’s geology ; Silliman’s views relative to the nature of geological evidence and its consistency with sacred history ; Isaac Lea’s contributions to geology ; T. A. Conrad on the distribution of the Eocene ; William Aiken on mountain uplift ; Ducatel and Alexander’s survey of Maryland ; Sketch of Ducatel ; Featherstonhaugh’s survey of the country between the Missouri and Red rivers; of the coteau des prairies ; H. D. Rogers’s geological survey of New Jersey ; Views on the formation of the gorge at Niagara ; Sketch of H. D. Rogers ; J. G. Percival and the geological survey of Connecticut ; Work of S. P. Hildreth in Ohio ; Mather’s geological survey of Ohio ; Sketch of Mather ; John R. Cotting’s work in Georgia ; Gesner’s work in Nova Scotia; in New Brunswick ; Sketch of Gesner ; Shepard on geology of upper Illinois ; Opinions of Samuel Parker ; Mather’s reconnaissance of Kentucky ; Work of W. B. Rogers in Virginia ; Sketch of Rogers ; Geological survey of New York ; Geological survey of Pennsylvania ; Wilkes exploring expedition ; C. T. Jackson’s survey of Maine; of Rhode Island ; J. C. Booth’s geological survey of Delaware ; D. D. Owen’s survey of Indiana, Iowa, Wisconsin, and Illinois ; Sketch of D. D. Owen ; Conrad’s work on the tertiary ; Sketch of Conrad ; Conrad’s ideas concerning the drift ; Views of George E. Hayes ; C. T. Jackson’s survey of New Hampshire ; Douglas Houghton’s work in Michigan ; Sketch of Houghton -- The era of state surveys, second decade, 1840-1849 : Falling off in organization of surveys; possible cause of; enumeration of workers; founding of Smithsonian Institution and other scientific organizations ; Agassiz’s glacial theories ; Work of R. C. Taylor ; Visit of Charles Lyell to the United States ; Koch’s supposed discoveries in vertebrate paleontology ; Troost’s work in Tennessee ; Conrad’s work in Florida ; D. D. Owen on the geology of the western states ; H. D. and W. B. Rogers on Appalachian structures ; H. D. Rogers on the formation of coal ; W.B. Rogers on thermal springs ; J. P. Couthouy on coral growth ; W. Byrd Powell’s work in the Fourche Cove region of Arkansas ; State geological survey of New York ; Work of Mather, Emmons, Vanuxem, and Hall ; Sketch of James Hall ; Hall’s work in Ohio ; His views concerning Niagara ; Establishment of the geological survey of Canada ; Issachar Cozzens on the geology of New York ; Lawrence’s geology of the western states ; Work of Ruffin and Tuomey in South Carolina ; Dana’s views on metamorphism ; Beck and Dana on zeolite formations ; Fremont’s expeditions, 1842-1844 ; Association of American geologists and naturalists ; Hitchcock on the trap tufa of the Connecticut Valley and on inclination of strata ; Silliman on the intrusive trap of the New Red sandstone of Connecticut ; H. D. Rogers on atmosphere of the coal period ; C. B. Adams’s work in Vermont ; Sketch of Zadock Thompson ; The Richmond bowlder train ; Mather on the physical geology of the United States ; Conrad’s medial tertiary of North America ; David Christy’s geological observations ; Wislizenus’s explorations in Mexico ; Binney’s views on the loess ; Rogers on the geological age of the White Mountains ; Dana on continental problems ; Dana’s ideas on the volcanoes of the moon ; Sketch of J. D. Dana ; Tuomey’s final report on the geology of South Carolina ; Tuomey’s survey of Alabama ; Sketch of Tuomey ; F. S. Holmes on the geology of Charleston and vicinity ; Report of Messrs. Brown and Dickerson on sediments of the Mississippi River ; Captain Stansbury’s explorations in Utah ; D. D. Owen’s work in the Chippewa district and in Wisconsin, Iowa, and Minnesota ; Early description of the bad lands ; Agassiz’s physical characters of Lake Superior ; Sketch of Agassiz ; Work of Jackson in Michigan ; Foster and Whitney’s work in Michigan ; Hall’s report on Lake Superior rocks ; Desor on the drift ; Dana and the Wilkes exploring expedition ; Tyson’s work in California ; Higgins’s and Tyson’s work in Maryland -- The era of state surveys, third decade, 1850-1859 : Renewal of geological activity; new workers and new publications ; H. D. Rogers on climate and salt deposits ; Hubbard and Dana on subaerial erosion ; Scope of a geological survey ; Work on Millington and Wailes in Mississippi ; Emmons’s work in North Carolina ; Norwood’s work in Illinois ; Hall’s troubles with J. W. and J. T. Foster ; Second attempt at a geological survey of Indiana ; G. G. Shumard’s work with Marcy’s expedition ; Trask’s geological work in California ; Swallow’s geological survey of Missouri ; Jules Marcou’s geological map of the United States ; Pacific railroad surveys; work of Antisell, Blake, Marcou, Newberry, Schiels, Evans, Gibbs, and Swallow ; Sketches of Antisell and Blake ; Daniels’s work in Wisconsin ; Percival’s survey of Wisconsin ; Owen’s survey of Kentucky ; G. G. Shumard’s work with Pope’s expedition ; Lieber’s work in South Carolina ; Dawson’s work in Nova Scotia ; Whitney’s metallic wealth of the United States ; Harper’s work in Misissippi ; Safford’s work in Tennessee ; Currey’s sketch of the geology of Tennessee ; Emmons’s American geology ; Kitchell’s geological survey of New Jersey</subfield></datafield><datafield ind1=' ' ind2='0' tag='650'><subfield code='a'>Geology</subfield><subfield code='x'>History</subfield></datafield><datafield ind1=' ' ind2='0' tag='650'><subfield code='a'>Geology</subfield><subfield code='z'>United States</subfield></datafield><datafield ind1=' ' ind2='0' tag='650'><subfield code='a'>Geologists</subfield><subfield code='z'>United States.</subfield></datafield><datafield ind1=' ' ind2='7' tag='655'><subfield code='a'>History</subfield><subfield code='2'>fast</subfield></datafield><datafield ind1='0' ind2='8' tag='776'><subfield code='i'>Online version:</subfield><subfield code='a'>Merrill, George P. (George Perkins), 1854-1929.</subfield><subfield code='t'>First one hundred years of American geology.</subfield><subfield code='d'>New York, Hafner Pub. Co., 1964 [©1924]</subfield><subfield code='w'>(OCoLC)693323133</subfield></datafield><datafield ind1=' ' ind2=' ' tag='901'><subfield code='a'>b6292474-4798-45be-8bd2-ea67cffcd259</subfield><subfield code='b'>9</subfield><subfield code='c'>false</subfield></datafield><datafield ind1='0' ind2=' ' tag='852'><subfield code='c'>HD</subfield><subfield code='h'>QE13.U6</subfield><subfield code='i'>M6 1964</subfield><subfield code='0'>13397239</subfield><subfield code='b'>scsbhl</subfield></datafield><datafield ind1=' ' ind2=' ' tag='876'><subfield code='0'>13397239</subfield><subfield code='a'>19211573</subfield><subfield code='h'> </subfield><subfield code='j'>Available</subfield><subfield code='k'>WID</subfield><subfield code='p'>LI4H32</subfield><subfield code='x'>Open</subfield><subfield code='z'>HW</subfield><subfield code='l'>HD</subfield></datafield></record>