
<record><leader>10965cam a2200721 i 4500</leader><controlfield tag='001'>SCSB-14813783</controlfield><controlfield tag='003'>NNC</controlfield><controlfield tag='005'>20240722215007.0</controlfield><controlfield tag='008'>230224t20232023maua     be   001 0 eng d</controlfield><controlfield tag='009'>18427044</controlfield><datafield ind1=' ' ind2=' ' tag='020'><subfield code='a'>163700723X</subfield><subfield code='q'>hardcover</subfield></datafield><datafield ind1=' ' ind2=' ' tag='020'><subfield code='a'>9781637007235</subfield><subfield code='q'>hardcover</subfield></datafield><datafield ind1=' ' ind2=' ' tag='024'><subfield code='a'>99996323412</subfield></datafield><datafield ind1=' ' ind2=' ' tag='035'><subfield code='a'>(OCoLC)on1370127936</subfield></datafield><datafield ind1=' ' ind2=' ' tag='035'><subfield code='a'>(OCoLC)1370127936</subfield></datafield><datafield ind1=' ' ind2=' ' tag='035'><subfield code='a'>18427044</subfield></datafield><datafield ind1=' ' ind2=' ' tag='040'><subfield code='a'>YDX</subfield><subfield code='b'>eng</subfield><subfield code='e'>rda</subfield><subfield code='c'>YDX</subfield><subfield code='d'>ACNLC</subfield><subfield code='d'>BDX</subfield><subfield code='d'>OCLCF</subfield><subfield code='d'>YDX</subfield><subfield code='d'>OCLCO</subfield><subfield code='d'>OCLCQ</subfield></datafield><datafield ind1=' ' ind2=' ' tag='043'><subfield code='a'>n-us---</subfield></datafield><datafield ind1=' ' ind2='4' tag='050'><subfield code='a'>SD411</subfield><subfield code='b'>.P75 2023</subfield></datafield><datafield ind1='0' ind2='0' tag='245'><subfield code='a'>Principles of forestry &amp; conservation /</subfield><subfield code='c'>editors, James F. Nicosia, Jake D. Nicosia.</subfield></datafield><datafield ind1='3' ind2='0' tag='246'><subfield code='a'>Principles of forestry and conservation</subfield></datafield><datafield ind1=' ' ind2='1' tag='264'><subfield code='a'>Ipswich, Massachusetts :</subfield><subfield code='b'>Salem Press, a division of EBSCO Information Services, Inc. ;</subfield><subfield code='a'>[Amenia, New York] :</subfield><subfield code='b'>Grey House Publishing,</subfield><subfield code='c'>[2023]</subfield></datafield><datafield ind1=' ' ind2='4' tag='264'><subfield code='c'>©2023</subfield></datafield><datafield ind1=' ' ind2=' ' tag='300'><subfield code='a'>xvii, 688 pages :</subfield><subfield code='b'>illustrations ;</subfield><subfield code='c'>26 x 21 cm.</subfield></datafield><datafield ind1=' ' ind2=' ' tag='336'><subfield code='a'>text</subfield><subfield code='b'>txt</subfield><subfield code='2'>rdacontent</subfield></datafield><datafield ind1=' ' ind2=' ' tag='337'><subfield code='a'>unmediated</subfield><subfield code='b'>n</subfield><subfield code='2'>rdamedia</subfield></datafield><datafield ind1=' ' ind2=' ' tag='338'><subfield code='a'>volume</subfield><subfield code='b'>nc</subfield><subfield code='2'>rdacarrier</subfield></datafield><datafield ind1='1' ind2=' ' tag='490'><subfield code='a'>The principles of ... series</subfield></datafield><datafield ind1=' ' ind2=' ' tag='504'><subfield code='a'>Includes bibliographical references (pages 609-642) and index.</subfield></datafield><datafield ind1=' ' ind2=' ' tag='520'><subfield code='a'>&quot;Principles of Forestry &amp; Conservation offers a solid grounding in conservation and its history, forestry techniques, and forest biomes. The volume begins with a thorough Editor&apos;s Introduction to this important topic by James F. Nicosia. It is then organized into five sections, beginning with a section on general principles before narrowing the focus to fires (both beneficial and harmful), the principal forest biomes, related organizations, and a final large section on some of the world&apos;s most well-known and important forest environments. The crucial role forests play in mitigating climate change is discussed in relation to forest management and conservation. Each entry includes relevant Fields of Study, a brief Abstract highlighting the subject matter, a list of Principal Terms, and a list of sources for Further Reading. A comprehensive chronology of the conservation movement is also included toward the end of the volume to help readers see how forestry concepts have played out in the real world&quot;--Publisher&apos;s note (page ix).</subfield></datafield><datafield ind1=' ' ind2=' ' tag='530'><subfield code='a'>Also issued online.</subfield></datafield><datafield ind1='0' ind2=' ' tag='505'><subfield code='a'>Concepts in Forestry and Conservation -- Agroforestry -- Alaska National Interest Lands Conservation Act -- Amazon Deforestation and Global Warming -- Clear-Cutting -- Deforestation -- Destruction of the Rainforests -- Ecotourism -- Forest and Range Policy -- Forest Management -- Forests and Anthropogenic Climate Change -- The History of Conservation in the United States -- The History of Land-Use Policy -- Land Clearance -- Logging Industry -- National Forest Management Act -- National Forests -- National Parks -- National Parks Act, Canadian -- National Wildlife Refuge System Administration Act -- Preservation of Old-Growth Forests -- Rainforests and the Atmosphere -- Reforestation -- Surface Mining -- Sustainable Forestry -- Tree Rings and Climatological Information -- Watershed Management -- Watersheds -- Wilderness Areas -- Wildlife Refuges -- Wood and Charcoal as Fuel Resources -- Fires -- Bushfires -- California Wildfires, 2018 -- California Wildfires, 2020 -- Canadian Wildfires, 2023 -- Controlled Burning -- Fires in Nature -- Fires in Yellowstone National Park -- Forest Fire Modeling -- Forest Fires and Healthy Forests -- Fort McMurray Wildfire -- Wildfire Management -- Wildfires -- Wildfires and Wilderness Life Cycles -- Classifications of Forestry-Related Biomes Boreal Forests and Taiga -- Cloud Forests -- Coniferous Forests -- Deciduous Forests -- Mediterranean Forests -- Montane Forests -- Plantation Forests -- Temperate Coniferous Forests -- Temperate Deciduous Forests -- Tropical Rainforests -- Tropical Seasonal Forests -- Organizations in Forestry and Conservation -- American Forests -- Global ReLeaf -- Intergovernmental Panel on Forests -- National Audubon Society -- National Park Service -- National Wildlife Federation -- Natural Resources Conservation Service -- Natural Resources Defense Council -- Nature Conservancy -- Rainforest Action Network -- Sierra Club -- US Bureau of Land Management -- Wilderness Society -- World Wide Fund for Nature -- World Wilderness Congress -- The World&apos;s Forests, Related Biomes and Ecosystems -- Alaska Peninsula Montane Taiga -- Albertine Rift Montane Forests -- Allegheny Highlands Forests -- Alps Conifer and Mixed Forests -- Amazon River -- Appalachian-Blue Ridge Forests -- Appalachian Mixed Mesophytic Forests -- Arizona Mountains Forests -- Atlantic Equatorial Coastal Forests -- Azores Temperate Mixed Forests -- Bahia Forests -- Blue Mountains Forests -- Borneo Rainforests -- Brahmaputra Valley Semievergreen Forests -- British Columbia Mainland Coastal Forests -- Budongo Forest Project -- Buru Rainforest -- Caatinga Dry Woodland -- California Chapparal and Woodlands -- Cameroon Savanna Plantation Forests -- Canary Islands Dry Woodlands and Forests -- Cardamom Mountains Rainforests -- Carpathian Montane Conifer Forests -- Caucasus Mixed Forests -- Celtic Broadleaf Forests -- Central American Atlantic Moist Forests -- Central American Montane Forests -- Central China Loess Plateau Mixed Forests -- Central Indochina Dry Forests -- Central US Hardwood Forests -- Chatham Island Temperate Forests -- Chilean Matorral Forests -- Chittagong Hill Tracts Plantation Forests -- Christmas and Cocos Islands Tropical Islands -- Colorado Rockies Forests -- Congo River Basin -- Congolian Lowlands Forests -- Congolian Swamp Forests -- Copper Plateau Taiga -- Costa Rica Seasonal Moist Forests -- Cyprus Mediterranean Forests -- Deccan Plateau Dry Deciduous Forests -- East African Montane Forests -- Eastern Australian Temperate Forests -- Eastern Cascades Forests -- Eastern Mediterranean Sclerophyllus Broadleaf Forests -- Eastern Paraguay Plantation Forests -- Everglades Wetlands -- Gondwana Rainforest -- Great Basin Montane Forests -- Great Lakes Forests -- Hawaiian Tropical Moist Forests -- Himalayan Broadleaf Forests -- Himalayan Subalpine Conifer Forests -- Himalayan Subtropical Pine Forests -- Hokkaido Montane Conifer Forests -- Huertar Norte Plantation Forests -- Huntsman Valley (Tasmania) Plantation Forests -- Iberian Conifer Forests -- Iceland Boreal Birch Forests and Alpine Tundra -- Indochina Subtropical Forests -- Irrawaddy Moist Deciduous Forests -- Italian Sclerophyllous and Semideciduous Forests -- Java-Bali Rainforests -- Kakamega Rainforest -- Kalimantan (Indonesia) Rainforests -- Kings Canyon and Sequoia National Parks -- Klamath-Siskiyou Forests -- Kuitpo Plantation Forest -- Lord Howe Island Subtropical Forests -- Luang Prabang Montane Rainforests -- Luzon Rainforest -- Madagascar Lowland Forests -- Madeira Evergreen Forests -- Magdalena Valley Montane Forest -- Magellanic Subpolar Forests -- Malabar Coast Moist Forests -- Manchurian Mixed Forests -- Marajó Várzea Forests -- Meghalaya Subtropical Forests -- Middle Atlantic Coastal Forests -- Miombo Woodlands -- Mississippi Lowland Forests -- Missouri River -- Monte Alegre Várzea Forests -- Muskwa-Slave Lake Forests -- Namibian Savanna Woodlands -- New Caledonia Dry Forests -- New England-Acadian Forests -- New Guinea Freshwater Swamp Forests -- New Jersey Pine Barrens -- Niger Delta Swamp Forests -- Northeastern Spain and Southern France Mediterranean Forests -- Northern California Coastal Forests -- Northern Pacific Coastal Forests -- Northwestern and Southwestern Ghats Montane Rainforests -- Northwestern Andean Montane Forests -- Okanagan Dry Forests -- Ozark Mountain Forests -- Peninsular Malaysian Rainforests -- Pindus Mountains Mixed Forests -- Piney Woods Forests -- Puget Lowlands Forests -- Purus Várzea Forests -- Queensland Tropical Rainforests -- Riau Plantation Forests -- Rio Grande -- Santa Marta Montane Forests -- Scandinavian Coastal Conifer Forests -- Serra do Mar Coastal Forests -- Sierra Madre Pine-Oak Forests -- Sierra Nevada Forests -- Sitka Spruce Plantation Forest -- Solomon Islands Rainforests -- Southeastern Papuan Rainforests -- Southern Atlantic Coastal Forests -- Southwest Australia Woodlands -- Sri Lanka Rainforests -- Stromlo Plantation Forest -- Talamancan Montane Forests -- Tepuis Forests -- Tyrrhenian-Adriatic Sclerophyllous and Mixed Forests -- Valdivian Temperate Forests -- Vanuatu Rainforests -- Wasatch and Uinta Montane Forests -- West Siberian Broadleaf and Mixed Forests -- Western European Broadleaf Forests -- Willamette Valley Forests -- Wingello State Forest -- Yellowstone National Park -- Yukon Interior Dry Forests -- Zagros Mountains Forest Steppe -- Zambezian Cryptosepalum Dry Forests.</subfield></datafield><datafield ind1=' ' ind2='0' tag='650'><subfield code='a'>Forest conservation</subfield><subfield code='z'>United States.</subfield><subfield code='0'>http://id.loc.gov/authorities/subjects/sh2008121044</subfield></datafield><datafield ind1=' ' ind2='0' tag='650'><subfield code='a'>Forests and forestry</subfield><subfield code='x'>Environmental aspects</subfield><subfield code='z'>United States.</subfield></datafield><datafield ind1=' ' ind2='0' tag='650'><subfield code='a'>Deforestation</subfield><subfield code='x'>Environmental aspects</subfield><subfield code='z'>United States.</subfield></datafield><datafield ind1=' ' ind2='0' tag='650'><subfield code='a'>Forest ecology</subfield><subfield code='z'>United States.</subfield><subfield code='0'>http://id.loc.gov/authorities/subjects/sh2008121045</subfield></datafield><datafield ind1=' ' ind2='0' tag='650'><subfield code='a'>Forest conservation.</subfield><subfield code='0'>http://id.loc.gov/authorities/subjects/sh85050567</subfield></datafield><datafield ind1=' ' ind2='0' tag='650'><subfield code='a'>Forests and forestry</subfield><subfield code='x'>Environmental aspects.</subfield></datafield><datafield ind1=' ' ind2='0' tag='650'><subfield code='a'>Deforestation</subfield><subfield code='x'>Environmental aspects.</subfield></datafield><datafield ind1=' ' ind2='0' tag='650'><subfield code='a'>Forest ecology.</subfield><subfield code='0'>http://id.loc.gov/authorities/subjects/sh85050575</subfield></datafield><datafield ind1=' ' ind2='6' tag='650'><subfield code='a'>Forêts</subfield><subfield code='x'>Conservation</subfield><subfield code='z'>États-Unis.</subfield></datafield><datafield ind1=' ' ind2='6' tag='650'><subfield code='a'>Déboisement</subfield><subfield code='x'>Aspect de l&apos;environnement</subfield><subfield code='z'>États-Unis.</subfield></datafield><datafield ind1=' ' ind2='6' tag='650'><subfield code='a'>Écologie forestière</subfield><subfield code='z'>États-Unis.</subfield></datafield><datafield ind1=' ' ind2='6' tag='650'><subfield code='a'>Forêts</subfield><subfield code='x'>Conservation.</subfield></datafield><datafield ind1=' ' ind2='6' tag='650'><subfield code='a'>Déboisement</subfield><subfield code='x'>Aspect de l&apos;environnement.</subfield></datafield><datafield ind1=' ' ind2='6' tag='650'><subfield code='a'>Écologie forestière.</subfield></datafield><datafield ind1=' ' ind2='7' tag='650'><subfield code='a'>Deforestation</subfield><subfield code='x'>Environmental aspects.</subfield><subfield code='2'>fast</subfield></datafield><datafield ind1=' ' ind2='7' tag='650'><subfield code='a'>Forest conservation.</subfield><subfield code='2'>fast</subfield></datafield><datafield ind1=' ' ind2='7' tag='650'><subfield code='a'>Forest ecology.</subfield><subfield code='2'>fast</subfield></datafield><datafield ind1=' ' ind2='7' tag='650'><subfield code='a'>Forests and forestry</subfield><subfield code='x'>Environmental aspects.</subfield><subfield code='2'>fast</subfield></datafield><datafield ind1=' ' ind2='7' tag='651'><subfield code='a'>United States.</subfield><subfield code='2'>fast</subfield></datafield><datafield ind1=' ' ind2='7' tag='655'><subfield code='a'>Encyclopedias.</subfield><subfield code='2'>aat</subfield><subfield code='0'>http://vocab.getty.edu/aat/300129439</subfield></datafield><datafield ind1=' ' ind2='7' tag='655'><subfield code='a'>Encyclopedias.</subfield><subfield code='2'>fast</subfield></datafield><datafield ind1=' ' ind2='7' tag='655'><subfield code='a'>Reference works.</subfield><subfield code='2'>fast</subfield></datafield><datafield ind1=' ' ind2='7' tag='655'><subfield code='a'>Encyclopedias.</subfield><subfield code='2'>lcgft</subfield><subfield code='0'>http://id.loc.gov/authorities/genreForms/gf2014026092</subfield></datafield><datafield ind1=' ' ind2='7' tag='655'><subfield code='a'>Reference works.</subfield><subfield code='2'>lcgft</subfield><subfield code='0'>http://id.loc.gov/authorities/genreForms/gf2014026165</subfield></datafield><datafield ind1=' ' ind2='7' tag='655'><subfield code='a'>Encyclopédies.</subfield><subfield code='2'>rvmgf</subfield></datafield><datafield ind1=' ' ind2='7' tag='655'><subfield code='a'>Ouvrages de référence.</subfield><subfield code='2'>rvmgf</subfield></datafield><datafield ind1='1' ind2=' ' tag='700'><subfield code='a'>Nicosia, James F.,</subfield><subfield code='e'>editor.</subfield><subfield code='4'>http://id.loc.gov/vocabulary/relators/edt</subfield><subfield code='0'>http://id.loc.gov/authorities/names/n2007001175</subfield></datafield><datafield ind1='1' ind2=' ' tag='700'><subfield code='a'>Nicosia, Jake D.,</subfield><subfield code='e'>editor.</subfield><subfield code='4'>http://id.loc.gov/vocabulary/relators/edt</subfield></datafield><datafield ind1='0' ind2='8' tag='776'><subfield code='i'>Online version:</subfield><subfield code='t'>Principles of forestry &amp; conservation.</subfield><subfield code='d'>Ipswich, Massachusetts : Salem Press, a division of EBSCO Information Services, Inc. ; [Amenia, New York] : Grey House Publishing, [2023]</subfield><subfield code='w'>(OCoLC)1399967985</subfield></datafield><datafield ind1=' ' ind2='0' tag='830'><subfield code='a'>Principles of science (Salem Press)</subfield><subfield code='0'>http://id.loc.gov/authorities/names/no2022080347</subfield></datafield><datafield ind1='0' ind2='0' tag='852'><subfield code='h'>SD411 .P75 2023g</subfield><subfield code='0'>15831610</subfield><subfield code='b'>scsbcul</subfield></datafield><datafield ind1=' ' ind2=' ' tag='876'><subfield code='0'>15831610</subfield><subfield code='a'>22488086</subfield><subfield code='h'> </subfield><subfield code='j'>Available</subfield><subfield code='p'>CU29528461</subfield><subfield code='t'>1</subfield><subfield code='x'>Shared</subfield><subfield code='z'>CU</subfield><subfield code='l'>RECAP</subfield></datafield></record>