
<record><leader>00967nam a2200265Ia 4500</leader><controlfield tag='001'>SCSB-10476799</controlfield><controlfield tag='005'>20090409100629.0</controlfield><controlfield tag='008'>970304s1997    njuaf    b    001 0 eng d</controlfield><controlfield tag='009'>990076414940203941</controlfield><datafield ind1=' ' ind2=' ' tag='010'><subfield code='a'>^^^97009784^</subfield></datafield><datafield ind1=' ' ind2=' ' tag='020'><subfield code='a'>0691044333 (cl : alk. paper)</subfield></datafield><datafield ind1=' ' ind2=' ' tag='035'><subfield code='a'>(OCoLC)36543439</subfield><subfield code='z'>(OCoLC)182908070</subfield><subfield code='z'>(OCoLC)222341588</subfield><subfield code='z'>(OCoLC)810740036</subfield><subfield code='z'>(OCoLC)861079004</subfield><subfield code='z'>(OCoLC)979662629</subfield><subfield code='z'>(OCoLC)980015472</subfield><subfield code='z'>(OCoLC)1020544116</subfield><subfield code='z'>(OCoLC)1167193192</subfield><subfield code='z'>(OCoLC)1191273893</subfield><subfield code='z'>(OCoLC)1200989171</subfield><subfield code='z'>(OCoLC)1201637601</subfield><subfield code='z'>(OCoLC)1201906092</subfield><subfield code='z'>(OCoLC)1202006052</subfield><subfield code='z'>(OCoLC)1202009626</subfield><subfield code='z'>(OCoLC)1314375701</subfield><subfield code='z'>(OCoLC)1322493456</subfield><subfield code='z'>(OCoLC)1421256155</subfield></datafield><datafield ind1=' ' ind2=' ' tag='040'><subfield code='a'>DLC</subfield><subfield code='c'>DLC</subfield></datafield><datafield ind1=' ' ind2=' ' tag='043'><subfield code='a'>cl-----</subfield></datafield><datafield ind1='0' ind2='0' tag='050'><subfield code='a'>QH106.5</subfield><subfield code='b'>.K75 1997</subfield></datafield><datafield ind1='0' ind2='0' tag='082'><subfield code='a'>577/.098/0913</subfield><subfield code='2'>21</subfield></datafield><datafield ind1='1' ind2=' ' tag='100'><subfield code='a'>Kricher, John C.</subfield></datafield><datafield ind1='1' ind2='2' tag='245'><subfield code='a'>A neotropical companion :</subfield><subfield code='b'>an introduction to the animals, plants, and ecosystems of the New World tropics /</subfield><subfield code='c'>John Kricher ; illustrated by William E. Davis, Jr.</subfield></datafield><datafield ind1=' ' ind2=' ' tag='250'><subfield code='a'>2nd ed., rev. and expanded.</subfield></datafield><datafield ind1=' ' ind2=' ' tag='260'><subfield code='a'>Princeton, N.J. :</subfield><subfield code='b'>Princeton University Press,</subfield><subfield code='c'>1997.</subfield></datafield><datafield ind1=' ' ind2=' ' tag='300'><subfield code='a'>xvi, 451 p., [16] p. of plates :</subfield><subfield code='b'>ill. (some col.) ;</subfield><subfield code='c'>24 cm.</subfield></datafield><datafield ind1=' ' ind2=' ' tag='504'><subfield code='a'>Includes bibliographical references (p. [396]-434) and indexes.</subfield></datafield><datafield ind1='0' ind2=' ' tag='505'><subfield code='a'>Tropical climates and ecosystems -- Rainforest structure and diversity -- How a rainforest functions -- Evolutionary patterns in the tropics -- Complexities of coevolution and ecology of fruit -- The neotropical pharmacy -- Living off the land in the tropics -- Rivers through rainforest -- Introduction to the Andes and Tepuis -- Savannas and dry forests -- Coastal ecosystems : mangroves, seagrass, and coral reefs -- Neotropical birds -- A rainforest bestiary -- Deforestation and conservation of biodiversity -- Appendix. &quot;And hey, let&apos;s be careful out there.&quot;</subfield></datafield><datafield ind1=' ' ind2=' ' tag='520'><subfield code='a'>A Neotropical Companion is an extraordinarily readable introduction to the American tropics, the lands of Central and South America, their remarkable rainforests and other ecosystems, and the creatures that live there. This second edition has been substantially revised and expanded to incorporate the abundance of new scientific information that has been produced since it was first published in 1989. Major additions have been made to every chapter, and new chapters have been added on Neotropical ecosystems, human ecology, and the effects of deforestation. Biodiversity and its preservation are discussed throughout the book, and Neotropical evolution is described in detail. This new edition offers all new drawings and photographs, many of them in color.</subfield></datafield><datafield ind1=' ' ind2='0' tag='650'><subfield code='a'>Ecology</subfield><subfield code='z'>Latin America.</subfield></datafield><datafield ind1=' ' ind2='0' tag='650'><subfield code='a'>Natural history</subfield><subfield code='z'>Latin America</subfield></datafield><datafield ind1=' ' ind2='2' tag='650'><subfield code='a'>Ecosystem</subfield></datafield><datafield ind1=' ' ind2='2' tag='650'><subfield code='a'>Ecology</subfield></datafield><datafield ind1=' ' ind2='2' tag='650'><subfield code='a'>Natural History</subfield></datafield><datafield ind1=' ' ind2='2' tag='650'><subfield code='a'>Tropical Climate</subfield></datafield><datafield ind1=' ' ind2='0' tag='651'><subfield code='a'>Latin America</subfield></datafield><datafield ind1=' ' ind2='2' tag='651'><subfield code='a'>Latin America</subfield></datafield><datafield ind1='1' ind2=' ' tag='700'><subfield code='a'>Davis, William Edward</subfield><subfield code='c'>(Ph. D. in ecology)</subfield><subfield code='e'>illustrator.</subfield></datafield><datafield ind1='1' ind2=' ' tag='583'><subfield code='a'>committed to retain</subfield><subfield code='c'>20181001</subfield><subfield code='d'>in perpetuity</subfield><subfield code='f'>ReCAP Shared Collection</subfield><subfield code='5'>HUL</subfield><subfield code='8'>222028762570003941</subfield></datafield><datafield ind1='0' ind2=' ' tag='852'><subfield code='c'>HD</subfield><subfield code='h'>QH106.5</subfield><subfield code='i'>.K75 1997</subfield><subfield code='0'>11256346</subfield><subfield code='b'>scsbhl</subfield></datafield><datafield ind1=' ' ind2=' ' tag='876'><subfield code='0'>11256346</subfield><subfield code='3'>1997</subfield><subfield code='a'>16985307</subfield><subfield code='h'> </subfield><subfield code='j'>Available</subfield><subfield code='k'>CAB</subfield><subfield code='p'>32044093037430</subfield><subfield code='x'>Shared</subfield><subfield code='z'>HS</subfield><subfield code='l'>HD</subfield></datafield></record>