
<record><leader>00000pam a2200325 a 4500</leader><controlfield tag='001'>SCSB-12616061</controlfield><controlfield tag='005'>20050912114718.0</controlfield><controlfield tag='008'>041124s2005    njua     b    001 0 eng  </controlfield><controlfield tag='009'>990097544140203941</controlfield><datafield ind1=' ' ind2=' ' tag='010'><subfield code='a'>^^2004027532</subfield></datafield><datafield ind1=' ' ind2=' ' tag='020'><subfield code='a'>0838640524 (alk. paper)</subfield></datafield><datafield ind1=' ' ind2=' ' tag='035'><subfield code='a'>(OCoLC)57201839</subfield><subfield code='z'>(OCoLC)835502201</subfield></datafield><datafield ind1=' ' ind2=' ' tag='040'><subfield code='a'>DLC</subfield><subfield code='c'>DLC</subfield><subfield code='d'>YDX</subfield><subfield code='d'>BAKER</subfield></datafield><datafield ind1=' ' ind2=' ' tag='043'><subfield code='a'>n-us-nj</subfield></datafield><datafield ind1='0' ind2='0' tag='050'><subfield code='a'>F134</subfield><subfield code='b'>.H39 2005</subfield></datafield><datafield ind1='0' ind2='0' tag='082'><subfield code='a'>974.9/044</subfield><subfield code='2'>22</subfield></datafield><datafield ind1='1' ind2=' ' tag='100'><subfield code='a'>Hayes-Conroy, Allison,</subfield><subfield code='d'>1981-</subfield></datafield><datafield ind1='1' ind2='0' tag='245'><subfield code='a'>South Jersey under the stars :</subfield><subfield code='b'>essays on culture, agriculture, and place /</subfield><subfield code='c'>Allison Hayes-Conroy.</subfield></datafield><datafield ind1=' ' ind2=' ' tag='260'><subfield code='a'>Madison [N.J.] :</subfield><subfield code='b'>Fairleigh Dickinson University Press,</subfield><subfield code='c'>c2005.</subfield></datafield><datafield ind1=' ' ind2=' ' tag='300'><subfield code='a'>263 p. :</subfield><subfield code='b'>ill. ;</subfield><subfield code='c'>25 cm.</subfield></datafield><datafield ind1=' ' ind2=' ' tag='504'><subfield code='a'>Includes bibliographical references (p. 245-253) and index.</subfield></datafield><datafield ind1='0' ind2='0' tag='505'><subfield code='t'>Foreword /</subfield><subfield code='r'>Yi-Fu Tuan --</subfield><subfield code='t'>Introduction /</subfield><subfield code='r'>Allison Hayes-Conroy and Francis Conroy --</subfield><subfield code='g'>Pt. I.</subfield><subfield code='t'>Pines, plows and planning boards : sowing the seeds of stewardship in the South Jersey Pine Barrens --</subfield><subfield code='g'>Pt. II.</subfield><subfield code='t'>From eggs to ethics : a discussion of the multiple roles of farm markets within a changing South Jersey landscape --</subfield><subfield code='g'>Pt. III.</subfield><subfield code='t'>Citizens of boroughs and bogs : environmental and regional identity in two South Jersey towns --</subfield><subfield code='g'>Pt. IV.</subfield><subfield code='t'>Harvesting harmony : a search for environmental meaning in the seasonal celebrations of Southern New Jersey --</subfield><subfield code='t'>Conclusions /</subfield><subfield code='r'>Allison Hayes-Conroy and Jessica Hayes-Conroy.</subfield></datafield><datafield ind1=' ' ind2='0' tag='651'><subfield code='a'>New Jersey</subfield><subfield code='x'>Civilization.</subfield></datafield><datafield ind1=' ' ind2='0' tag='651'><subfield code='a'>New Jersey</subfield><subfield code='x'>Geography.</subfield></datafield><datafield ind1=' ' ind2='0' tag='650'><subfield code='a'>Agriculture</subfield><subfield code='x'>Social aspects</subfield><subfield code='z'>New Jersey.</subfield></datafield><datafield ind1=' ' ind2='0' tag='650'><subfield code='a'>Landscapes</subfield><subfield code='x'>Social aspects</subfield><subfield code='z'>New Jersey.</subfield></datafield><datafield ind1=' ' ind2='0' tag='651'><subfield code='a'>New Jersey</subfield><subfield code='x'>Environmental conditions.</subfield></datafield><datafield ind1=' ' ind2='0' tag='650'><subfield code='a'>Regionalism</subfield><subfield code='z'>New Jersey.</subfield></datafield><datafield ind1=' ' ind2='0' tag='650'><subfield code='a'>Landscapes</subfield><subfield code='x'>Social aspects</subfield><subfield code='z'>New Jersey.</subfield></datafield><datafield ind1='0' ind2='8' tag='776'><subfield code='i'>Online version:</subfield><subfield code='a'>Hayes-Conroy, Allison, 1981-</subfield><subfield code='t'>South Jersey under the stars.</subfield><subfield code='d'>Madison, N.J. : Fairleigh Dickinson University Press, ©2005</subfield><subfield code='w'>(OCoLC)607730298</subfield></datafield><datafield ind1='1' ind2=' ' tag='583'><subfield code='a'>committed to retain</subfield><subfield code='c'>20181001</subfield><subfield code='d'>in perpetuity</subfield><subfield code='f'>ReCAP Shared Collection</subfield><subfield code='5'>HUL</subfield><subfield code='8'>222084677460003941</subfield></datafield><datafield ind1='0' ind2=' ' tag='852'><subfield code='c'>HD</subfield><subfield code='h'>F134</subfield><subfield code='i'>.H39 2005</subfield><subfield code='0'>13459079</subfield><subfield code='b'>scsbhl</subfield></datafield><datafield ind1=' ' ind2=' ' tag='876'><subfield code='0'>13459079</subfield><subfield code='a'>19276081</subfield><subfield code='h'> </subfield><subfield code='j'>Available</subfield><subfield code='k'>WID</subfield><subfield code='p'>32044077385110</subfield><subfield code='x'>Shared</subfield><subfield code='z'>HW</subfield><subfield code='l'>HD</subfield></datafield></record>