
<record><leader>00000cam a2200313Ia 4500</leader><controlfield tag='001'>SCSB-11853091</controlfield><controlfield tag='005'>20081016100330.0</controlfield><controlfield tag='008'>080417s2008    vtuab    b    000 0 eng d</controlfield><controlfield tag='009'>990115622720203941</controlfield><datafield ind1=' ' ind2=' ' tag='020'><subfield code='a'>9781603580564</subfield></datafield><datafield ind1=' ' ind2=' ' tag='020'><subfield code='a'>1603580565</subfield></datafield><datafield ind1=' ' ind2=' ' tag='035'><subfield code='a'>(OCoLC)225871302</subfield><subfield code='z'>(OCoLC)1055446442</subfield></datafield><datafield ind1=' ' ind2=' ' tag='040'><subfield code='a'>BTCTA</subfield><subfield code='c'>BTCTA</subfield><subfield code='d'>BAKER</subfield><subfield code='d'>YDXCP</subfield><subfield code='d'>CWJ</subfield></datafield><datafield ind1=' ' ind2=' ' tag='043'><subfield code='a'>s-ck---</subfield></datafield><datafield ind1='0' ind2='0' tag='050'><subfield code='a'>GE160.C7</subfield><subfield code='b'>W45 2008</subfield></datafield><datafield ind1='1' ind2=' ' tag='100'><subfield code='a'>Weisman, Alan</subfield></datafield><datafield ind1='0' ind2='0' tag='245'><subfield code='a'>Gaviotas :</subfield><subfield code='b'>a village to reinvent the world /</subfield><subfield code='c'>Alan Weisman.</subfield></datafield><datafield ind1=' ' ind2=' ' tag='250'><subfield code='a'>10th anniversary ed.</subfield></datafield><datafield ind1=' ' ind2=' ' tag='260'><subfield code='a'>White River Junction, VT :</subfield><subfield code='b'>Chelsea Green Publishing Company,</subfield><subfield code='c'>2008.</subfield></datafield><datafield ind1=' ' ind2=' ' tag='300'><subfield code='a'>240 p. :</subfield><subfield code='b'>ill. ;</subfield><subfield code='c'>22 cm.</subfield></datafield><datafield ind1=' ' ind2=' ' tag='500'><subfield code='a'>Originally published 1998 by Chelsea Green Publishing Co.</subfield></datafield><datafield ind1=' ' ind2=' ' tag='504'><subfield code='a'>Includes bibliographical references.</subfield></datafield><datafield ind1='0' ind2=' ' tag='505'><subfield code='a'>Overture -- The Savanna -- The Tools -- The Trees</subfield></datafield><datafield ind1=' ' ind2=' ' tag='520'><subfield code='a'>Los Llanos—the rain-leached, eastern savannas of war-ravaged Colombia—are among the most brutal environments on Earth and an unlikely setting for one of the most hopeful environmental stories ever told. Here, in the late 1960s, a young Colombian development worker named Paolo Lugari wondered if the nearly uninhabited, infertile llanos could be made livable for his country&apos;s growing population. He had no idea that nearly four decades later, his experiment would be one of the world&apos;s most celebrated examples of sustainable living: a permanent village called Gaviotas.In the absence of infrastructure, the first Gaviotans invented wind turbines to convert mild breezes into energy, hand pumps capable of tapping deep sources of water, and solar collectors efficient enough to heat and even sterilize drinking water under perennially cloudy llano skies. Over time, the Gaviotans&apos; experimentation has even restored an ecosystem: in the shelter of two million Caribbean pines planted as a source of renewable commercial resin, a primordial rain forest that once covered the llanos is unexpectedly reestablishing itself.Colombian author Gabriel García Márquez has called Paolo Lugari “Inventor of the World.” Lugari himself has said that Gaviotas is not a utopia: “Utopia literally means &apos;no place.&apos; We call Gaviotas atopia, because it&apos;s real.” Relive their story with this special 10th-anniversary edition of Gaviotas, complete with a new afterword by the author describing how Gaviotas has survived and progressed over the past decade. -- Provided by publisher.</subfield></datafield><datafield ind1=' ' ind2=' ' tag='520'><subfield code='a'>Tells the story of Gaviotas, an experimental village established in the barren eastern savanna of Colombia by a group of visionaries and technicians in an attempt to prove that it is possible for people to exist, and even thrive, in one of the world&apos;s harshest environments.</subfield></datafield><datafield ind1=' ' ind2='0' tag='651'><subfield code='a'>Colombia</subfield><subfield code='x'>Environmental conditions.</subfield></datafield><datafield ind1=' ' ind2='0' tag='650'><subfield code='a'>Human ecology</subfield><subfield code='z'>Colombia.</subfield></datafield><datafield ind1=' ' ind2='0' tag='651'><subfield code='a'>Colombia</subfield><subfield code='x'>Description and travel</subfield></datafield><datafield ind1='1' ind2=' ' tag='583'><subfield code='a'>committed to retain</subfield><subfield code='c'>20181001</subfield><subfield code='d'>in perpetuity</subfield><subfield code='f'>ReCAP Shared Collection</subfield><subfield code='5'>HUL</subfield><subfield code='8'>222126942660003941</subfield></datafield><datafield ind1='0' ind2=' ' tag='852'><subfield code='c'>HD</subfield><subfield code='h'>GE160.C7</subfield><subfield code='i'>W45 2008</subfield><subfield code='0'>12674023</subfield><subfield code='b'>scsbhl</subfield></datafield><datafield ind1=' ' ind2=' ' tag='876'><subfield code='0'>12674023</subfield><subfield code='a'>18460202</subfield><subfield code='h'> </subfield><subfield code='j'>Available</subfield><subfield code='k'>WID</subfield><subfield code='p'>32044108837220</subfield><subfield code='x'>Shared</subfield><subfield code='z'>HW</subfield><subfield code='l'>HD</subfield></datafield></record>