
<record><leader>00000cam a2200349Mi 4500</leader><controlfield tag='001'>SCSB-11462120</controlfield><controlfield tag='005'>20091013180616.0</controlfield><controlfield tag='008'>060620s2006    fr a          000 0 fre d</controlfield><controlfield tag='009'>990120333250203941</controlfield><datafield ind1=' ' ind2=' ' tag='020'><subfield code='a'>2913112277</subfield></datafield><datafield ind1=' ' ind2=' ' tag='020'><subfield code='a'>9782913112278</subfield></datafield><datafield ind1=' ' ind2=' ' tag='035'><subfield code='a'>(OCoLC)70711984</subfield></datafield><datafield ind1=' ' ind2=' ' tag='040'><subfield code='a'>TZT</subfield><subfield code='c'>TZT</subfield><subfield code='d'>GZM</subfield><subfield code='d'>OCLCG</subfield><subfield code='d'>MUQ</subfield></datafield><datafield ind1=' ' ind2='4' tag='050'><subfield code='a'>HD6477</subfield><subfield code='b'>.P68 2006</subfield></datafield><datafield ind1=' ' ind2='7' tag='072'><subfield code='a'>HX</subfield><subfield code='2'>lcco</subfield></datafield><datafield ind1='1' ind2='4' tag='082'><subfield code='a'>320</subfield><subfield code='2'>1</subfield></datafield><datafield ind1='1' ind2=' ' tag='100'><subfield code='a'>Pouget, Emile,</subfield><subfield code='d'>1860-1931</subfield></datafield><datafield ind1='1' ind2='3' tag='245'><subfield code='a'>Le père peinard :</subfield><subfield code='b'>un journal espatrouillant : articles choisis, 1889-1900 /</subfield><subfield code='c'>Emile Pouget.</subfield></datafield><datafield ind1=' ' ind2=' ' tag='260'><subfield code='a'>Paris :</subfield><subfield code='b'>Nuits rouges,</subfield><subfield code='c'>2006.</subfield></datafield><datafield ind1=' ' ind2=' ' tag='300'><subfield code='a'>407 p. :</subfield><subfield code='b'>ill. ;</subfield><subfield code='c'>20 cm.</subfield></datafield><datafield ind1='1' ind2=' ' tag='490'><subfield code='a'>Nuits rouges ;</subfield><subfield code='v'>24</subfield></datafield><datafield ind1=' ' ind2='0' tag='650'><subfield code='a'>Syndicalism</subfield></datafield><datafield ind1=' ' ind2=' ' tag='653'><subfield code='a'>Anarchy</subfield><subfield code='a'>Periodical Press</subfield><subfield code='a'>Late 19th Century</subfield></datafield><datafield ind1=' ' ind2='6' tag='650'><subfield code='a'>Syndicalisme.</subfield></datafield><datafield ind1=' ' ind2='6' tag='650'><subfield code='a'>Syndicalisme révolutionnaire</subfield><subfield code='z'>France.</subfield></datafield><datafield ind1=' ' ind2='6' tag='650'><subfield code='a'>Presse anarchiste</subfield><subfield code='z'>France.</subfield></datafield><datafield ind1=' ' ind2='0' tag='830'><subfield code='a'>Nuits rouges</subfield><subfield code='v'>24.</subfield></datafield><datafield ind1='1' ind2=' ' tag='583'><subfield code='a'>committed to retain</subfield><subfield code='c'>20181001</subfield><subfield code='d'>in perpetuity</subfield><subfield code='f'>ReCAP Shared Collection</subfield><subfield code='5'>HUL</subfield><subfield code='8'>222130440780003941</subfield></datafield><datafield ind1='0' ind2=' ' tag='852'><subfield code='c'>HD</subfield><subfield code='h'>HD6477</subfield><subfield code='i'>.P68 2006</subfield><subfield code='0'>12271681</subfield><subfield code='b'>scsbhl</subfield></datafield><datafield ind1=' ' ind2=' ' tag='876'><subfield code='0'>12271681</subfield><subfield code='a'>18042096</subfield><subfield code='h'> </subfield><subfield code='j'>Available</subfield><subfield code='k'>WID</subfield><subfield code='p'>32044111581211</subfield><subfield code='x'>Shared</subfield><subfield code='z'>HW</subfield><subfield code='l'>HD</subfield></datafield></record>