
<record><leader>00000cam  2200421 i 4500</leader><controlfield tag='001'>SCSB-14843367</controlfield><controlfield tag='003'>Fr-PaAMA</controlfield><controlfield tag='005'>20240318121708.0</controlfield><controlfield tag='008'>240209s2022    fr a     b    000 0 fre dcam i </controlfield><controlfield tag='009'>.b23334813x</controlfield><datafield ind1='1' ind2=' ' tag='100'><subfield code='a'>Petit, Dominique,</subfield><subfield code='d'>1954-</subfield><subfield code='e'>author.</subfield></datafield><datafield ind1='0' ind2='4' tag='630'><subfield code='a'>Père Peinard (Paris, France)</subfield></datafield><datafield ind1=' ' ind2='0' tag='650'><subfield code='a'>Press, Anarchist</subfield><subfield code='z'>France</subfield><subfield code='z'>Ardennes</subfield><subfield code='x'>History.</subfield></datafield><datafield ind1=' ' ind2='0' tag='650'><subfield code='a'>French periodicals</subfield><subfield code='z'>History</subfield><subfield code='y'>19th century.</subfield></datafield><datafield ind1=' ' ind2='0' tag='650'><subfield code='a'>Anarchism</subfield><subfield code='z'>France</subfield><subfield code='z'>Ardennes</subfield><subfield code='x'>History</subfield><subfield code='y'>19th century.</subfield></datafield><datafield ind1=' ' ind2=' ' tag='020'><subfield code='a'>9791096497171</subfield><subfield code='q'>(paperback)</subfield><subfield code='c'>16,00 EUR</subfield></datafield><datafield ind1=' ' ind2=' ' tag='500'><subfield code='a'>Includes glossary.</subfield></datafield><datafield ind1=' ' ind2=' ' tag='500'><subfield code='a'>Table of contents slip inserted.</subfield></datafield><datafield ind1=' ' ind2=' ' tag='504'><subfield code='a'>Includes bibliographical references (page 164).</subfield></datafield><datafield ind1='0' ind2='0' tag='505'><subfield code='t'>Emile Pouget et Le Père Peinard --</subfield><subfield code='t'>La diffusion du Père Peinard dans les Ardennes --</subfield><subfield code='t'>Les articles du Père Peinard évoquant les communes des Ardennes --</subfield><subfield code='t'>Articles généraux concernant les Ardennes --</subfield><subfield code='t'>Glossaire d&apos;argot du Père Peinard --</subfield><subfield code='t'>Bibliographie.</subfield></datafield><datafield ind1=' ' ind2=' ' tag='520'><subfield code='a'>&quot;Le Père Peinard, hebdomadaire anarchiste parisien fondé le 24 février 1889 et qui paraîtra jusqu&apos;au 16 mars 1902 (avec plusieurs interruptions) connut dans les Ardennes une large diffusion. La forme du journal au ton volontiers gouailleur, l&apos;emploi de l&apos;argot (à ne pas confondre avec le patois) y sont probablement pour beaucoup mais cela n&apos;explique pas totalement son succès, principalement dans le milieu ouvrier de la Vallée de la Meuse. Le Père Peinard est à l&apos;époque un moyen privilégié pour les ouvriers de s&apos;exprimer en envoyant des échos sur les conditions de travail dans les usines (&quot;les bagnes&quot;), les grèves, les abus de pouvoir des contremaîtres, les élections, les trahisons des élus, leurs frasques. Toutes les autorités sont passées à la moulinette : l&apos;église, l&apos;armée qui réprime les grèves etc... Ce sont plus de 200 articles qui sont publiés sur les Ardennes durant la période d&apos;existence du journal. La plupart des villes et villages de la Vallée de la Meuse sont représentés de Nouzonville à Revin, en passant par Haybes ou Sedan mais au-delà, Fagnon, Gué-d&apos;Hossus ou Poilcourt-Sydney sont également évoqués. C&apos;est une véritable chronique de la vie ouvrière qui nous est présentée à travers tous ces petits récits du quotidien, une expression populaire que l&apos;on peut retrouver aujourd&apos;hui sur les réseaux sociaux, mais avec une dimension plus politique que dans la période récente. Chaque époque à son moyen d&apos;expression, la nôtre n&apos;a pas forcément innové.&quot;--Page 4 of cover.</subfield></datafield><datafield ind1=' ' ind2='1' tag='264'><subfield code='a'>Charleville-Mézières :</subfield><subfield code='b'>Éditions Terres ardennaises,</subfield><subfield code='c'>[2022]</subfield></datafield><datafield ind1=' ' ind2=' ' tag='300'><subfield code='a'>166 pages :</subfield><subfield code='b'>illustrations ;</subfield><subfield code='c'>24 cm</subfield></datafield><datafield ind1=' ' ind2=' ' tag='336'><subfield code='a'>text</subfield><subfield code='b'>txt</subfield><subfield code='2'>rdacontent</subfield></datafield><datafield ind1=' ' ind2=' ' tag='337'><subfield code='a'>unmediated</subfield><subfield code='b'>n</subfield><subfield code='2'>rdamedia</subfield></datafield><datafield ind1=' ' ind2=' ' tag='338'><subfield code='a'>volume</subfield><subfield code='b'>nc</subfield><subfield code='2'>rdacarrier</subfield></datafield><datafield ind1='1' ind2='4' tag='245'><subfield code='a'>Les Ardennes du Père Peinard /</subfield><subfield code='c'>Dominique Petit.</subfield></datafield><datafield ind1=' ' ind2=' ' tag='040'><subfield code='a'>Fr-PaAMA</subfield><subfield code='b'>eng</subfield><subfield code='e'>rda</subfield></datafield><datafield ind1=' ' ind2=' ' tag='043'><subfield code='a'>e-fr---</subfield></datafield><datafield ind1=' ' ind2='4' tag='050'><subfield code='a'>PN5184.A53</subfield><subfield code='b'>P48 2022</subfield></datafield><datafield ind1=' ' ind2='4' tag='908'><subfield code='a'>PN5184.A53</subfield><subfield code='b'>P48 2022</subfield></datafield><datafield ind1='1' ind2='4' tag='082'><subfield code='a'>944</subfield><subfield code='a'>908</subfield></datafield><datafield ind1=' ' ind2=' ' tag='901'><subfield code='a'>AUXAM</subfield></datafield><datafield ind1=' ' ind2=' ' tag='910'><subfield code='a'>RL</subfield></datafield><datafield ind1=' ' ind2=' ' tag='960'><subfield code='s'>2959</subfield><subfield code='t'>MAL</subfield><subfield code='u'>41901apprv</subfield></datafield><datafield ind1='0' ind2='0' tag='907'><subfield code='a'>.b23334813x</subfield></datafield><datafield ind1=' ' ind2=' ' tag='035'><subfield code='a'>(OCoLC)1420772010</subfield></datafield><datafield ind1='8' ind2=' ' tag='852'><subfield code='h'>ReCAP 24-109484</subfield><subfield code='0'>15867020</subfield><subfield code='b'>scsbnypl</subfield></datafield><datafield ind1=' ' ind2=' ' tag='876'><subfield code='0'>15867020</subfield><subfield code='a'>22530557</subfield><subfield code='j'>Available</subfield><subfield code='p'>33433137563585</subfield><subfield code='t'>1</subfield><subfield code='x'>Shared</subfield><subfield code='z'>NA</subfield><subfield code='l'>RECAP</subfield></datafield></record>