
<record><leader>00000cam a22003737a 4500</leader><controlfield tag='001'>SCSB-12567855</controlfield><controlfield tag='005'>20110104141502.0</controlfield><controlfield tag='008'>090923s2009    be       b    000 0 fre d</controlfield><controlfield tag='009'>990126391260203941</controlfield><datafield ind1=' ' ind2=' ' tag='020'><subfield code='a'>9782874950445</subfield></datafield><datafield ind1=' ' ind2=' ' tag='020'><subfield code='a'>2874950440</subfield></datafield><datafield ind1=' ' ind2=' ' tag='035'><subfield code='a'>(OCoLC)440185243</subfield></datafield><datafield ind1=' ' ind2=' ' tag='040'><subfield code='a'>TZT</subfield><subfield code='c'>TZT</subfield><subfield code='d'>ERASA</subfield><subfield code='d'>HLS</subfield></datafield><datafield ind1=' ' ind2=' ' tag='043'><subfield code='a'>e-fr---</subfield></datafield><datafield ind1=' ' ind2='4' tag='050'><subfield code='a'>DC354</subfield><subfield code='b'>.M57 2009</subfield></datafield><datafield ind1=' ' ind2='7' tag='072'><subfield code='a'>DC</subfield><subfield code='2'>lcco</subfield></datafield><datafield ind1='1' ind2='4' tag='082'><subfield code='a'>944</subfield><subfield code='2'>1</subfield></datafield><datafield ind1='1' ind2=' ' tag='100'><subfield code='a'>Mirbeau, Octave,</subfield><subfield code='d'>1848-1917</subfield></datafield><datafield ind1='1' ind2='0' tag='245'><subfield code='a'>Dreyfusard! /</subfield><subfield code='c'>Octave Mirbeau ; proposé par Jean-Noël Jeanneney ; notice biographique de Véronique Leblanc.</subfield></datafield><datafield ind1=' ' ind2=' ' tag='260'><subfield code='a'>Bruxelles :</subfield><subfield code='b'>A. Versaille,</subfield><subfield code='c'>c2009.</subfield></datafield><datafield ind1=' ' ind2=' ' tag='300'><subfield code='a'>95 p. ;</subfield><subfield code='c'>15 cm.</subfield></datafield><datafield ind1='0' ind2=' ' tag='490'><subfield code='a'>À s&apos;offrir en partage</subfield></datafield><datafield ind1=' ' ind2=' ' tag='500'><subfield code='a'>Articles originally published in various French journals between 1897 and 1899.</subfield></datafield><datafield ind1=' ' ind2=' ' tag='504'><subfield code='a'>Includes bibliographical references.</subfield></datafield><datafield ind1=' ' ind2=' ' tag='520'><subfield code='a'>A collection of articles by Mirbeau published in &quot;L&apos;Aurore&quot;, &quot;Le Journal&quot;, and &quot;Le Père peinard&quot; between 28 November 1897-22 July 1899. The introduction by Jeanneney appears on pp. 5-8, and the biography by Leblanc on pp. 89-95.</subfield><subfield code='c'>(From the Bibliography of the Vidal Sassoon International Center for the Study of Antisemitism).</subfield></datafield><datafield ind1='1' ind2='0' tag='600'><subfield code='a'>Dreyfus, Alfred,</subfield><subfield code='d'>1859-1935</subfield></datafield><datafield ind1=' ' ind2='0' tag='650'><subfield code='a'>Antisemitism</subfield><subfield code='z'>France</subfield><subfield code='x'>History</subfield><subfield code='y'>19th century</subfield></datafield><datafield ind1=' ' ind2='0' tag='651'><subfield code='a'>France</subfield><subfield code='x'>Politics and government</subfield><subfield code='y'>1870-1940</subfield></datafield><datafield ind1=' ' ind2=' ' tag='653'><subfield code='a'>French political case</subfield><subfield code='a'>Antisemitism</subfield><subfield code='a'>19th-20th centuries</subfield><subfield code='a'>Anthology of texts</subfield></datafield><datafield ind1=' ' ind2='7' tag='648'><subfield code='a'>1800-1940</subfield><subfield code='2'>fast</subfield></datafield><datafield ind1=' ' ind2='7' tag='655'><subfield code='a'>History</subfield><subfield code='2'>fast</subfield><subfield code='0'>(OCoLC)fst01411628</subfield></datafield><datafield ind1='1' ind2=' ' tag='700'><subfield code='a'>Jeanneney, Jean Noël,</subfield><subfield code='d'>1942-</subfield></datafield><datafield ind1='1' ind2=' ' tag='583'><subfield code='a'>committed to retain</subfield><subfield code='c'>20181001</subfield><subfield code='d'>in perpetuity</subfield><subfield code='f'>ReCAP Shared Collection</subfield><subfield code='5'>HUL</subfield><subfield code='8'>222137979820003941</subfield></datafield><datafield ind1='0' ind2=' ' tag='852'><subfield code='c'>HD</subfield><subfield code='h'>DC354</subfield><subfield code='i'>.M57 2009</subfield><subfield code='0'>13409467</subfield><subfield code='b'>scsbhl</subfield></datafield><datafield ind1=' ' ind2=' ' tag='876'><subfield code='0'>13409467</subfield><subfield code='a'>19224409</subfield><subfield code='h'> </subfield><subfield code='j'>Available</subfield><subfield code='k'>WID</subfield><subfield code='p'>32044116675513</subfield><subfield code='x'>Shared</subfield><subfield code='z'>HW</subfield><subfield code='l'>HD</subfield></datafield></record>