
<record><leader>00000cam  2200397 i 4500</leader><controlfield tag='001'>SCSB-9469074</controlfield><controlfield tag='003'>Fr-PaAMA</controlfield><controlfield tag='005'>20190521.0</controlfield><controlfield tag='008'>190521t20192019fr ah    b    000 0cfre dcam i </controlfield><controlfield tag='009'>.b218994114</controlfield><datafield ind1='1' ind2=' ' tag='100'><subfield code='a'>Cosson, Jean-Michel,</subfield><subfield code='e'>author.</subfield></datafield><datafield ind1=' ' ind2='0' tag='650'><subfield code='a'>Celebrities</subfield><subfield code='z'>France</subfield><subfield code='z'>Aveyron</subfield><subfield code='v'>Biography.</subfield></datafield><datafield ind1=' ' ind2='0' tag='651'><subfield code='a'>Aveyron (France)</subfield><subfield code='v'>Biography.</subfield></datafield><datafield ind1=' ' ind2=' ' tag='020'><subfield code='a'>9782490379033</subfield><subfield code='q'>(paperback) :</subfield><subfield code='c'>19,90 EUR</subfield></datafield><datafield ind1=' ' ind2=' ' tag='504'><subfield code='a'>Includes bibliographical references (pages 259-263).</subfield></datafield><datafield ind1='0' ind2='0' tag='505'><subfield code='t'>Mgr Denis-Auguste Affre, la mort sur les barricades --</subfield><subfield code='t'>Jean-Louis Alibert, le médecin à fleur de peau --</subfield><subfield code='t'>Justin Bessou, l&apos;abbé qui cultivait les bons mots --</subfield><subfield code='t'>Louis de Bonald, Dieu, le Roi et la famille --</subfield><subfield code='t'>Emile Borel, le mathématicien engagé --</subfield><subfield code='t'>Jean-François Bories, le sang de la liberté --</subfield><subfield code='t'>Jean Boudou, sur le chemin de l&apos;or --</subfield><subfield code='t'>Et Louis Bouloumié fonda Vittel --</subfield><subfield code='t'>Clément Cabanettes, la terre promise de Pigüé --</subfield><subfield code='t'>Raoul Cabrol, l&apos;arme sans complaisance de la caricature --</subfield><subfield code='t'>Emma Calvé, la voix de Carmen --</subfield><subfield code='t'>Marcel Capelle, un Aveyronnais à la première Coupe du Monde de football --</subfield><subfield code='t'>Charles Camus, l&apos;abbé volant --</subfield><subfield code='t'>Edouard de Curières de Castelnau, la tradition militaire --</subfield><subfield code='t'>François Chabot, la mauvaise réputation --</subfield><subfield code='t'>Hippolyte Coste, &quot;L&apos;abbé des âmes et des fleurs&quot; --</subfield><subfield code='t'>Henri Cot, l&apos;homme le plus grand du Monde --</subfield><subfield code='t'>Charles Delouvrier, précurseur de l&apos;aviation à réaction --</subfield><subfield code='t'>Camille Douls, une trace dans le désert --</subfield><subfield code='t'>Jacques Dropy, le caricaturiste des &quot;aborigènes de la cité&quot; --</subfield><subfield code='t'>Victor Dijols de Lacassagne, l&apos;encagé du Mont-Saint-Michel --</subfield><subfield code='t'>Joseph-Pierre Durand de Gros, le damné de la terre --</subfield><subfield code='t'>François Fabié, le poète déraciné --</subfield><subfield code='t'>Jean-Henri Fabre, l&apos;observateur inimitable --</subfield><subfield code='t'>Joseph-Bernardin Fualdès, l&apos;énigme sans fin --</subfield><subfield code='t'>Jean Galtier-Boissière, l&apos;âme du Crapouillot --</subfield><subfield code='t'>Frédéric Hermet, l&apos;abbé et la &quot;Religieuse&quot; --</subfield><subfield code='t'>Guiscard de La Bourlie, le chimérique complot d&apos;un aventurier --</subfield><subfield code='t'>Abel Lafleur et la Coupe du Monde de football --</subfield><subfield code='t'>J.-F. Loiseleur Des Longchamps, l&apos;idylle aveyronnaise du géographe du Roy --</subfield><subfield code='t'>Anthelme Mangin, la mémoire perdue de 14-18 --</subfield><subfield code='t'>Amans-Alexis Monteil, une approche nouvelle de l&apos;Histoire --</subfield><subfield code='t'>Jean Moulin, le préfet à contre-courant --</subfield><subfield code='t'>Marthe Oulié, l&apos;archéologie et l&apos;aventure --</subfield><subfield code='t'>Jean Petit, la révolte tragique --</subfield><subfield code='t'>Charles de Pomairols, poète du rêve et de la mélancolie --</subfield><subfield code='t'>Emile Pouget, Le Père Peinard de l&apos;anarchie --</subfield><subfield code='t'>Denys Puech, le sculpteur académique --</subfield><subfield code='t'>Paul Ramadier, le visage humain du socialisme --</subfield><subfield code='t'>Guillaume-Thomas Raynal, l&apos;éclaireur des droits de l&apos;Homme --</subfield><subfield code='t'>Georges Rigal, le premier Aveyronnais champion olympique --</subfield><subfield code='t'>Guillaume Rolland, le clairon de Sidi-Brahim --</subfield><subfield code='t'>Benoît Rouquayrol, Auguste et Louis Denayrouze, trois hommes et un scaphandre --</subfield><subfield code='t'>Georges Rouquier, les quatre saisons du cinéma --</subfield><subfield code='t'>Savignac, l&apos;imagier des murs --</subfield><subfield code='t'>La citoyenne Sorgue, pasionaria des pauvres --</subfield><subfield code='t'>Marie-Anne Talabot, le destin doré d&apos;une petite bonne --</subfield><subfield code='t'>Les bons Tours de Trou Trou et de Garrigou --</subfield><subfield code='t'>Eugène Viala, la force obscure d&apos;un esprit torturé --</subfield><subfield code='t'>Victor, le Sauvage de l&apos;Aveyron.</subfield></datafield><datafield ind1=' ' ind2='1' tag='264'><subfield code='a'>Villeveyrac :</subfield><subfield code='b'>Le Papillon rouge éditeur,</subfield><subfield code='c'>[2019]</subfield></datafield><datafield ind1=' ' ind2='4' tag='264'><subfield code='c'>2019</subfield></datafield><datafield ind1=' ' ind2=' ' tag='300'><subfield code='a'>264 pages :</subfield><subfield code='b'>illustrations, facsimiles ;</subfield><subfield code='c'>24 cm</subfield></datafield><datafield ind1=' ' ind2=' ' tag='336'><subfield code='a'>text</subfield><subfield code='b'>txt</subfield><subfield code='2'>rdacontent</subfield></datafield><datafield ind1=' ' ind2=' ' tag='337'><subfield code='a'>unmediated</subfield><subfield code='b'>n</subfield><subfield code='2'>rdamedia</subfield></datafield><datafield ind1=' ' ind2=' ' tag='338'><subfield code='a'>volume</subfield><subfield code='b'>nc</subfield><subfield code='2'>rdacarrier</subfield></datafield><datafield ind1='1' ind2='0' tag='245'><subfield code='a'>Ces Aveyronnais qui ont fait l&apos;histoire /</subfield><subfield code='c'>Jean-Michel Cosson.</subfield></datafield><datafield ind1=' ' ind2=' ' tag='040'><subfield code='a'>Fr-PaAMA</subfield><subfield code='b'>eng</subfield><subfield code='e'>rda</subfield></datafield><datafield ind1=' ' ind2=' ' tag='043'><subfield code='a'>e-fr---</subfield></datafield><datafield ind1=' ' ind2='4' tag='050'><subfield code='a'>DC611.A962</subfield><subfield code='b'>C67 2019</subfield></datafield><datafield ind1=' ' ind2='4' tag='908'><subfield code='a'>DC611.A962</subfield><subfield code='b'>C67 2019</subfield></datafield><datafield ind1=' ' ind2=' ' tag='901'><subfield code='a'>AUXAM</subfield></datafield><datafield ind1=' ' ind2=' ' tag='910'><subfield code='a'>RL</subfield></datafield><datafield ind1='0' ind2='0' tag='907'><subfield code='a'>.b218994114</subfield></datafield><datafield ind1=' ' ind2=' ' tag='035'><subfield code='a'>(OCoLC)1102190105</subfield></datafield><datafield ind1='8' ind2=' ' tag='852'><subfield code='h'>ReCAP 19-64323</subfield><subfield code='0'>10025945</subfield><subfield code='b'>scsbnypl</subfield></datafield><datafield ind1=' ' ind2=' ' tag='876'><subfield code='0'>10025945</subfield><subfield code='a'>15727897</subfield><subfield code='j'>Available</subfield><subfield code='p'>33433128389115</subfield><subfield code='t'>1</subfield><subfield code='x'>Shared</subfield><subfield code='z'>NA</subfield><subfield code='l'>RECAP</subfield></datafield></record>