
<record><leader>04436nam a2200325 a 4500</leader><controlfield tag='001'>SCSB-8769481</controlfield><controlfield tag='003'>FrPAAL</controlfield><controlfield tag='005'>20110124135427.0</controlfield><controlfield tag='008'>101008s2010    fr     g b    000 0 fre d</controlfield><controlfield tag='009'>.b188401805</controlfield><datafield ind1=' ' ind2=' ' tag='020'><subfield code='a'>9782748901269 (pbk.) :</subfield><subfield code='c'>18,00 EUR</subfield></datafield><datafield ind1=' ' ind2=' ' tag='040'><subfield code='a'>AAL</subfield><subfield code='b'>eng</subfield></datafield><datafield ind1=' ' ind2=' ' tag='043'><subfield code='a'>e-fr---</subfield></datafield><datafield ind1='0' ind2='4' tag='050'><subfield code='a'>HD6684</subfield><subfield code='b'>.P68 2010</subfield></datafield><datafield ind1='1' ind2=' ' tag='100'><subfield code='a'>Pouget, Emile,</subfield><subfield code='d'>1860-1931.</subfield></datafield><datafield ind1='1' ind2='2' tag='245'><subfield code='a'>L&apos;action directe :</subfield><subfield code='b'>et autres écrits syndicalistes (1903-1910) /</subfield><subfield code='c'>Emile Pouget ; textes réunis, annotés et présentés par Miguel Chueca.</subfield></datafield><datafield ind1=' ' ind2=' ' tag='260'><subfield code='a'>Marseille :</subfield><subfield code='b'>Agone,</subfield><subfield code='c'>c2010.</subfield></datafield><datafield ind1=' ' ind2=' ' tag='300'><subfield code='a'>296 p. ;</subfield><subfield code='c'>21 cm.</subfield></datafield><datafield ind1='1' ind2=' ' tag='490'><subfield code='a'>Mémoires sociales</subfield></datafield><datafield ind1=' ' ind2=' ' tag='504'><subfield code='a'>Includes bibliographical references (p. [289]-291).</subfield></datafield><datafield ind1='0' ind2='0' tag='505'><subfield code='t'>Émile Pouget, du Père Peinard au meneur syndicaliste --</subfield><subfield code='t'>Introduction de Miguel Chueca --</subfield><subfield code='t'>Pouget militant et propagandiste anarchiste --</subfield><subfield code='t'>L&apos;entre-deux : les années 1897-1901 Les dernières années du Père Peinard et l&apos;engagement syndicaliste --</subfield><subfield code='t'>Après Le Père Peinard --</subfield><subfield code='t'>Pouget syndicaliste à temps complet (1902-1908) --</subfield><subfield code='t'>Secrétaire adjoint de la CGT et directeur de La Voix du Peuple --</subfield><subfield code='t'>Les brochures syndicalistes (1903-1908) et autres écrits --</subfield><subfield code='t'>Dernières activités publiques de Pouget (1909-1914) --</subfield><subfield code='t'>L&apos;échec de La Révolution; un ouvrage d&apos;anticipation : Comment nous ferons la révolution (1909) --</subfield><subfield code='t'>Pouget observateur du syndicalisme, de 1910 à 1914, à La Guerre sociale. L&apos;Action directe et Le Sabotage (1910), L&apos;Organisation du surmenage (1914) --</subfield><subfield code='t'>Les derniers écrits de Pouget, feuilletoniste à L&apos;Humanité : de Nico (1913) à L&apos;Emmuré (1916) --</subfield><subfield code='t'>Nature et destinée de la doctrine syndicaliste --</subfield><subfield code='t'>Première partie. Principes et théories du syndicalisme d&apos;action directe --</subfield><subfield code='t'>Les bases du syndicalisme Définition du syndicalisme Les luttes ouvrières au XIXe siècle. Prodromes du syndicalisme L&apos;entente pour la vie. Base de l&apos;accord social --</subfield><subfield code='t'>Le groupement de production. Embryon social --</subfield><subfield code='t'>(Les dérivatifs civiques et démocratiques) --</subfield><subfield code='t'>Le frein patriotique --</subfield><subfield code='t'>Le frein démocratique --</subfield><subfield code='t'>Le droit syndical --</subfield><subfield code='t'>Conclusion --</subfield><subfield code='t'>Le syndicat --</subfield><subfield code='t'>L&apos;enfer du salariat --</subfield><subfield code='t'>Comment se crée le capital --</subfield><subfield code='t'>Équivalence de la propriété et de l&apos;autorité Comment se libérer ? --</subfield><subfield code='t'>Le groupement essentiel Le groupe d&apos;affinité --</subfield><subfield code='t'>Autonomie syndicale --</subfield><subfield code='t'>Le syndicat, école de volonté La besogne syndicale --</subfield><subfield code='t'>L&apos;oeuvre présente --</subfield><subfield code='t'>Élaboration de l&apos;avenir --</subfield><subfield code='t'>Appendice. Le fonctionnement syndical --</subfield><subfield code='t'>Le parti du Travail Sa définition --</subfield><subfield code='t'>Sa nécessité --</subfield><subfield code='t'>Son but --</subfield><subfield code='t'>Résumé historique Renaissance syndicale Vers l&apos;autonomie --</subfield><subfield code='t'>Essor économique --</subfield><subfield code='t'>Appendice --</subfield><subfield code='t'>L&apos;action directe --</subfield><subfield code='t'>Ce qu&apos;on entend par &quot; action directe &quot; --</subfield><subfield code='t'>Négation du démocratisme --</subfield><subfield code='t'>Exaltation de l&apos;individu --</subfield><subfield code='t'>Éducation expropriatrice --</subfield><subfield code='t'>La révolution est oeuvre d&apos;action quotidienne --</subfield><subfield code='t'>Nécessité de l&apos;effort --</subfield><subfield code='t'>Le miracle catastrophique La prétendue &quot; loi d&apos;airain &quot; --</subfield><subfield code='t'>Un facteur nouveau : la volonté ouvrière ! --</subfield><subfield code='t'>Le salaire et le coût de la vie --</subfield><subfield code='t'>L&apos;excès du mal n&apos;est pas ferment de révolte ! --</subfield><subfield code='t'>Force et violence --</subfield><subfield code='t'>Minorité contre minorité La violence inéluctable --</subfield><subfield code='t'>Illusion des palliatifs --</subfield><subfield code='t'>Seconde partie. Interventions syndicalistes --</subfield><subfield code='t'>Les débats du congrès --</subfield><subfield code='t'>Ce qu&apos;est le syndicalisme (préambule) --</subfield><subfield code='t'>Révolutionnaires et réformistes Coup d&apos;oeil rétrospectif --</subfield><subfield code='t'>L&apos;organisme confédéral --</subfield><subfield code='t'>Le parti du Travail --</subfield><subfield code='t'>Les méthodes d&apos;action --</subfield><subfield code='t'>Le congrès --</subfield><subfield code='t'>La physionomie du congrès --</subfield><subfield code='t'>Le &quot; Livre &quot; mis en cause --</subfield><subfield code='t'>Le cas des Mineurs --</subfield><subfield code='t'>Approbation des actes du comité --</subfield><subfield code='t'>La représentation proportionnelle --</subfield><subfield code='t'>La discussion sur la représentation proportionnelle La journée de huit heures --</subfield><subfield code='t'>Le label --</subfield><subfield code='t'>La conquête de la journée de huit heures La résolution du congrès corporatif de Bourges La propagande préliminaire --</subfield><subfield code='t'>Les origines du mouvement pour les huit heures Réponse à quelques objections --</subfield><subfield code='t'>La plateforme des huit heures --</subfield><subfield code='t'>Les résultats du mouvement du Premier Mai.</subfield></datafield><datafield ind1=' ' ind2='0' tag='650'><subfield code='a'>Syndicalism</subfield><subfield code='z'>France</subfield><subfield code='x'>History</subfield><subfield code='y'>20th century.</subfield></datafield><datafield ind1=' ' ind2='0' tag='650'><subfield code='a'>Labor unions</subfield><subfield code='z'>France</subfield><subfield code='x'>History</subfield><subfield code='y'>20th century.</subfield></datafield><datafield ind1=' ' ind2='0' tag='650'><subfield code='a'>Radicalism</subfield><subfield code='z'>France</subfield><subfield code='x'>History</subfield><subfield code='y'>20th century.</subfield></datafield><datafield ind1='1' ind2=' ' tag='700'><subfield code='a'>Chueca, Miguel.</subfield></datafield><datafield ind1=' ' ind2='0' tag='830'><subfield code='a'>Mémoires sociales.</subfield></datafield><datafield ind1=' ' ind2=' ' tag='907'><subfield code='a'>.b188401805</subfield><subfield code='c'>m</subfield><subfield code='d'>a</subfield><subfield code='e'>a</subfield><subfield code='f'>fre</subfield><subfield code='g'>fr</subfield><subfield code='h'>2</subfield><subfield code='i'>1</subfield></datafield><datafield ind1=' ' ind2=' ' tag='035'><subfield code='a'>(OCoLC)664654944</subfield></datafield><datafield ind1=' ' ind2=' ' tag='901'><subfield code='a'>36fea1e6-85de-4e90-9acf-014cc9862360</subfield><subfield code='b'>25</subfield><subfield code='c'>false</subfield></datafield><datafield ind1='8' ind2=' ' tag='852'><subfield code='h'>ReCAP 10-22619</subfield><subfield code='0'>8931205</subfield><subfield code='b'>scsbnypl</subfield></datafield><datafield ind1=' ' ind2=' ' tag='876'><subfield code='0'>8931205</subfield><subfield code='a'>14506676</subfield><subfield code='j'>Available</subfield><subfield code='p'>33433090209812</subfield><subfield code='t'>1</subfield><subfield code='x'>Open</subfield><subfield code='z'>NA</subfield><subfield code='l'>RECAP</subfield></datafield></record>