
<record><leader>00000cam  2200409 i 4500</leader><controlfield tag='001'>SCSB-14475250</controlfield><controlfield tag='003'>Fr-PaAMA</controlfield><controlfield tag='005'>20230503083807.0</controlfield><controlfield tag='008'>221213s2023    fr ah    b    000 0bfre dcam i </controlfield><controlfield tag='009'>.b230513414</controlfield><datafield ind1='1' ind2=' ' tag='100'><subfield code='a'>Petit, Dominique,</subfield><subfield code='d'>1954-</subfield><subfield code='e'>author.</subfield></datafield><datafield ind1='1' ind2='0' tag='600'><subfield code='a'>Henry, Fortuné.</subfield></datafield><datafield ind1=' ' ind2='0' tag='650'><subfield code='a'>Anarchists</subfield><subfield code='z'>France</subfield><subfield code='v'>Biography.</subfield></datafield><datafield ind1=' ' ind2='0' tag='650'><subfield code='a'>Journalists</subfield><subfield code='z'>France</subfield><subfield code='v'>Biography.</subfield></datafield><datafield ind1=' ' ind2='0' tag='650'><subfield code='a'>Anarchism</subfield><subfield code='z'>France</subfield><subfield code='z'>Ardennes</subfield><subfield code='x'>History</subfield><subfield code='y'>19th century.</subfield></datafield><datafield ind1=' ' ind2='0' tag='651'><subfield code='a'>Paris (France)</subfield><subfield code='x'>History</subfield><subfield code='y'>Commune, 1871.</subfield></datafield><datafield ind1=' ' ind2=' ' tag='020'><subfield code='a'>9791093784205</subfield><subfield code='q'>(paperback)</subfield><subfield code='c'>22,00 EUR</subfield></datafield><datafield ind1=' ' ind2=' ' tag='504'><subfield code='a'>Includes bibliographical references (pages 247-248).</subfield></datafield><datafield ind1='0' ind2='0' tag='505'><subfield code='t'>Fortuné Henry, le commis-voyageur de l&apos;anarchie --</subfield><subfield code='t'>Au prénom du père --</subfield><subfield code='t'>Fortuné Henry père, dit Henri Fortuné --</subfield><subfield code='t'>Fortuné Henry rédacteur du Parti ouvrier --</subfield><subfield code='t'>L&apos;affranchissement de la femme, l&apos;amour libre et la Jeunesse révolutionnaire --</subfield><subfield code='t'>Premières armes d&apos;un jeune orateur --</subfield><subfield code='t'>La tournée de conférences de Paul François et de Fortuné dans la région lyonnaise --</subfield><subfield code='t'>Le grand meeting de la salle du Commerce : Fortuné et la fausse cartouche de dynamite --</subfield><subfield code='t'>&quot;Poursuivez-moi, condamnez-moi, je veux aller au bagne&quot; --</subfield><subfield code='t'>La brochure &quot;Ravachol, anarchiste? Parfaitement!&quot; --</subfield><subfield code='t'>Photo de groupe à Dijon : Fortuné et les Résolus --</subfield><subfield code='t'>Fortuné pousse une pointe dans les Ardennes --</subfield><subfield code='t'>Fortuné rattrapé par le comptoir de l&apos;injustice! --</subfield><subfield code='t'>Le cas Fortuné à la Chambre des députés --</subfield><subfield code='t'>Fortuné passe par la case prison --</subfield><subfield code='t'>Fortuné détenu politique à Clairvaux : la construction d&apos;un réseau militant dans les Ardennes --</subfield><subfield code='t'>Fortuné et Émile Henry : deux conceptions de la propagande par le fait --</subfield><subfield code='t'>Fortuné Henry, l&apos;animateur de la colonie l&apos;essai d&apos;Aiglemont --</subfield><subfield code='t'>La promesse à la mère : ne plus s&apos;occuper de politique --</subfield><subfield code='t'>De la Tunisie à Nouzon (Ardennes) : itinéraires de la maturation d&apos;un projet --</subfield><subfield code='t'>Fortuné Henry et Franco Dossena fondent une colonie libertaire au lieu-dit Le Gesly dans la forét d&apos;Aiglemont --</subfield><subfield code='t'>La scission du Pré des Charrettes. Les amours à Aiglemont de la maîtresse d&apos;Aristide Briand avec un &quot;apache&quot; --</subfield><subfield code='t'>L&apos;arrivée d&apos;Adrienne Tarby : &quot;Je trouvai tout de suite à m&apos;occuper, soignant le linge, faisant la lessive&quot; --</subfield><subfield code='t'>La campagne de publicité pour la colonie d&apos;Aiglemont --</subfield><subfield code='t'>Premières dissensions et l&apos;arrivée d&apos;André Mounier --</subfield><subfield code='t'>1905, la publication de la première brochure : &quot;Communisme expérimental&quot;. Fortuné menace Robrolle avec un revolver --</subfield><subfield code='t'>L&apos;Essai, sujet de reportages de la presse française et belge --</subfield><subfield code='t'>Une nouvelle orientation donnée à L&apos;Essai. Fortuné Henry prend du recul --</subfield><subfield code='t'>Fortuné Henry, le syndicaliste CGT, fondateur du journal le cubilot --</subfield><subfield code='t'>La crise du syndicalisme dans les Ardennes : le champ est libre pour Fortuné Henry --</subfield><subfield code='t'>La colonie d&apos;Aiglemont, centre de propagande par les brochures et le journal Le Cubilot. --</subfield><subfield code='t'>Fortuné Henry devient Jean Prolo --</subfield><subfield code='t'>Le Cubilot commence à faire parler de lui --</subfield><subfield code='t'>Le Cubilot, porte-parole des grévistes de Revin, supplante Le Socialiste ardennais --</subfield><subfield code='t'>Le Cubilot s&apos;oppose au corporatisme des syndicats de métier dans la jeune CGT --</subfield><subfield code='t'>Le Cubilot, fer de lance des grèves de la métallurgie dans les Ardennes --</subfield><subfield code='t'>Fortuné Henry, mentor du premier congrès de l&apos;Union des syndicats des Ardennes de la CGT --</subfield><subfield code='t'>La grève générale à Revin : l&apos;exil des enfants, l&apos;action directe --</subfield><subfield code='t'>La grève générale de Revin : lutte à outrance contre les &quot;jaunes&quot; et les &quot;renards&quot;, la dynamite contre Faure, le principal patron 181 Le Cubilot et Taffet corrigent Domelier, le rédacteur en chef de La Dépêche des Ardennes --</subfield><subfield code='t'>Une imprimerie à la colonie d&apos;Aiglemont pour tirer Le Cubilot --</subfield><subfield code='t'>Perquisition à la colonie. Fortuné renoue avec les injures contre toutes les autorités. Taffet arrêté --</subfield><subfield code='t'>Le Cubilot devient hebdomadaire en fusionnant avec L&apos;Égalité --</subfield><subfield code='t'>La fin de la grève de Revin et les minorités agissantes --</subfield><subfield code='t'>Laffaire Matha. Plainte du ministre de la Guerre contre le journal --</subfield><subfield code='t'>Le Cubilot et &quot;la tyrannie syndicale&quot; --</subfield><subfield code='t'>La fin du Cubilot --</subfield><subfield code='t'>Le Communiste remplace Le Cubilot. Le procès de Mounier --</subfield><subfield code='t'>Fortuné Henry en prison --</subfield><subfield code='t'>Des proches de L&apos;Essai volent 10 000 francs chez un dentiste. Fortuné Henry quitte la colonie d&apos;Aiglemont et s&apos;installe au parc Saint-Maur --</subfield><subfield code='t'>La &quot;grève intermittente&quot; de Fortuné Henry : nouvelle étape vers la &quot;grève générale&quot; ? --</subfield><subfield code='t'>Le lancement de La Mère Peinard. Les déconvenues de Fortuné dans l&apos;appareil de la CGT --</subfield><subfield code='t'>Fortuné fonde l&apos;imprimerie La Moderne. La CGT en crise --</subfield><subfield code='t'>La vente aux enchères du bâtiment de la colonie d&apos;Aiglemont --</subfield><subfield code='t'>L&apos;imprimerie La Moderne inondée, Fortuné devient secrétaire de rédaction du journal du syndicat des terrassiers --</subfield><subfield code='t'>Le matériel de l&apos;imprimerie La Moderne spolié par un magistrat. Fortuné se reconvertit en puisatier --</subfield><subfield code='t'>Fortuné Henry fabricant de supports de mitrailleuses durant la Première Guerre mondiale ? --</subfield><subfield code='t'>Conclusion : Fortuné Henry idéal-type de l&apos;anarchiste ou symbole d&apos;une époque ?</subfield></datafield><datafield ind1=' ' ind2=' ' tag='520'><subfield code='a'>&quot;Fortuné est un insurrectionnaliste en paroles mais jamais il ne participera au moindre attentat. Il connaît le risque pris en faisant l&apos;apologie du crime et de la dynamite : la loi sur la presse de 1881 fixe la peine de prison maximale à 2 ans. Les partisans de la violence ne sont pas que des orateurs, certains passent à l&apos;action comme son frère Émile Henry, condamné à mort, alors que Fortuné est lui-même en prison. L&apos;exécution de son frère marque pour Fortuné l&apos;échec de cette pratique de l&apos;insurectionnalisme. Cette première crise existentielle et douloureuse l&apos;amène à renouer avec ce qui fut le fondement de son entrée en politique, les idées fouriéristes de son père, influencées par &quot;Les Équitables Pionniers de Rochdale&quot; (Angleterre). Dès 1844, ils considéraient la coopération comme un modèle qui allait en s&apos;élargissant, de la coopérative de consommation (magasin) au logement et à la production (industrielle et agricole). A partir de 1905, Fortuné fut à l&apos;initiative de la colonie libertaire d&apos;Aiglemont dans les Ardennes. Il entra alors dans une nouvelle période d&apos;action militante : le milieu libre de vie en commun, basé au départ essentiellement sur l&apos;horticulture et l&apos;élevage avicole. La colonie libertaire d&apos;Aiglemont était une expérience entrant pleinement dans la vision éducationniste. Il s&apos;agissait de réaliser une tentative de communisme pour montrer qu&apos;il était possible de vivre dans ce modèle de société. Le but était même de prouver que la multiplication de ces essais, pouvait mener au communisme. Fortuné n&apos;arrivait pas à dominer son autoritarisme et il se rendait compte que l&apos;expérience de cette colonie n&apos;était guère viable pour lui. Il s&apos;orienta alors vers le syndicalisme. Son action dans les Ardennes fut un vrai succès. Le syndicalisme réformiste était en crise car il avait désorganisé les forces syndicales en les transformant en simples supplétifs lors des élections. Il sut proposer une alternative : un syndicalisme de combat indépendant des socialistes. Ces évolutions de Fortuné Henry et d&apos;autres camarades montrent les multiples facettes de leurs personnalités. C&apos;est en grande partie cette capacité d&apos;adaptation du mouvement anarchiste de la fin du XIXe siècle et du début du XXe dont cette biographie est le reflet.&quot;--Page 4 of cover.</subfield></datafield><datafield ind1=' ' ind2='1' tag='264'><subfield code='a'>Paris :</subfield><subfield code='b'>Éditions Noir et rouge ;</subfield><subfield code='a'>Charleville-Mézières :</subfield><subfield code='b'>Terres ardennaises,</subfield><subfield code='c'>[2023]</subfield></datafield><datafield ind1=' ' ind2=' ' tag='300'><subfield code='a'>252 pages :</subfield><subfield code='b'>illustrations (chiefly color), facsimiles ;</subfield><subfield code='c'>21 cm</subfield></datafield><datafield ind1=' ' ind2=' ' tag='336'><subfield code='a'>text</subfield><subfield code='b'>txt</subfield><subfield code='2'>rdacontent</subfield></datafield><datafield ind1=' ' ind2=' ' tag='337'><subfield code='a'>unmediated</subfield><subfield code='b'>n</subfield><subfield code='2'>rdamedia</subfield></datafield><datafield ind1=' ' ind2=' ' tag='338'><subfield code='a'>volume</subfield><subfield code='b'>nc</subfield><subfield code='2'>rdacarrier</subfield></datafield><datafield ind1='1' ind2='0' tag='245'><subfield code='a'>Fortuné Henry et la colonie libertaire d&apos;Aiglemont :</subfield><subfield code='b'>de la propagande pour Ravachol au syndicalisme révolutionnaire /</subfield><subfield code='c'>Dominique Petit.</subfield></datafield><datafield ind1=' ' ind2=' ' tag='040'><subfield code='a'>Fr-PaAMA</subfield><subfield code='b'>eng</subfield><subfield code='e'>rda</subfield></datafield><datafield ind1=' ' ind2=' ' tag='043'><subfield code='a'>e-fr---</subfield></datafield><datafield ind1=' ' ind2='4' tag='050'><subfield code='a'>HX893.7.H47</subfield><subfield code='b'>P48 2023</subfield></datafield><datafield ind1=' ' ind2='4' tag='908'><subfield code='a'>HX893.7.H47</subfield><subfield code='b'>P48 2023</subfield></datafield><datafield ind1='1' ind2='4' tag='082'><subfield code='a'>335</subfield><subfield code='a'>944</subfield></datafield><datafield ind1=' ' ind2=' ' tag='901'><subfield code='a'>AUXAM</subfield></datafield><datafield ind1=' ' ind2=' ' tag='910'><subfield code='a'>RL</subfield></datafield><datafield ind1=' ' ind2=' ' tag='960'><subfield code='s'>2935</subfield><subfield code='t'>MAL</subfield><subfield code='u'>48005APPRV</subfield></datafield><datafield ind1='0' ind2='0' tag='907'><subfield code='a'>.b230513414</subfield></datafield><datafield ind1=' ' ind2=' ' tag='035'><subfield code='a'>(OCoLC)1373372882</subfield></datafield><datafield ind1='8' ind2=' ' tag='852'><subfield code='h'>ReCAP 23-110601</subfield><subfield code='0'>15447402</subfield><subfield code='b'>scsbnypl</subfield></datafield><datafield ind1=' ' ind2=' ' tag='876'><subfield code='0'>15447402</subfield><subfield code='a'>22020730</subfield><subfield code='j'>Available</subfield><subfield code='p'>33433135344426</subfield><subfield code='t'>1</subfield><subfield code='x'>Shared</subfield><subfield code='z'>NA</subfield><subfield code='l'>RECAP</subfield></datafield></record>