
<record><leader>00000cam a2200445 i 4500</leader><controlfield tag='001'>SCSB-14261157</controlfield><controlfield tag='003'>Fr-PaAMA</controlfield><controlfield tag='005'>20220608130901.0</controlfield><controlfield tag='008'>201125s2022    fr ah    b    001 0dfre dcam i </controlfield><controlfield tag='009'>.b228331444</controlfield><datafield ind1='1' ind2=' ' tag='100'><subfield code='a'>Rétat, Claude,</subfield><subfield code='e'>author.</subfield></datafield><datafield ind1=' ' ind2='0' tag='650'><subfield code='a'>Anarchism</subfield><subfield code='z'>France</subfield><subfield code='z'>Vienne</subfield><subfield code='x'>History</subfield><subfield code='y'>19th century.</subfield></datafield><datafield ind1='1' ind2='4' tag='600'><subfield code='a'>Tennevin, Alexandre,</subfield><subfield code='d'>1848-1908</subfield><subfield code='x'>Trials, litigation, etc.</subfield></datafield><datafield ind1=' ' ind2='0' tag='650'><subfield code='a'>Trials (Riots)</subfield><subfield code='z'>France</subfield><subfield code='z'>Vienne</subfield><subfield code='x'>History</subfield><subfield code='y'>19th century.</subfield></datafield><datafield ind1='1' ind2='0' tag='600'><subfield code='a'>Michel, Louise,</subfield><subfield code='d'>1830-1905.</subfield></datafield><datafield ind1=' ' ind2='0' tag='650'><subfield code='a'>Demonstrations</subfield><subfield code='z'>France</subfield><subfield code='z'>Vienne</subfield><subfield code='x'>History</subfield><subfield code='y'>19th century.</subfield></datafield><datafield ind1=' ' ind2='0' tag='650'><subfield code='a'>Labor movement</subfield><subfield code='z'>France</subfield><subfield code='z'>Vienne</subfield><subfield code='x'>History</subfield><subfield code='y'>19th century.</subfield></datafield><datafield ind1=' ' ind2=' ' tag='020'><subfield code='a'>9782358481793</subfield><subfield code='q'>(paperback)</subfield><subfield code='c'>29,00 EUR</subfield></datafield><datafield ind1=' ' ind2=' ' tag='504'><subfield code='a'>Includes bibliographical references and index.</subfield></datafield><datafield ind1='0' ind2='0' tag='505'><subfield code='t'>L&apos;anarchie au prétoire --</subfield><subfield code='t'>Vienne Zef mai 1890, une insurrection et ses juges --</subfield><subfield code='t'>Louise Michel est un effet du printemps --</subfield><subfield code='t'>1er mai 1890, belle journée pour être soi --</subfield><subfield code='t'>Être pacifique mais --</subfield><subfield code='t'>Vienne, mauvaise élève de la République --</subfield><subfield code='t'>Vers le 1er mai --</subfield><subfield code='t'>La cour d&apos;assises, 8-12 août 1890 --</subfield><subfield code='t'>Vous n&apos;avez qu&apos;à retenir le vol d&apos;une pièce de drap --</subfield><subfield code='t'>Déchirer du Brocard --</subfield><subfield code='t'>La brochure des anarchistes viennois, décembre 1890 --</subfield><subfield code='t'>La brochure de Lyon (1883) --</subfield><subfield code='t'>Butins de guerre --</subfield><subfield code='t'>Tennevin et le Code --</subfield><subfield code='t'>Le direct et l&apos;indirect --</subfield><subfield code='t'>Antécédents de Louise Michel --</subfield><subfield code='t'>Provocation et pente savonnée --</subfield><subfield code='t'>Louise Michel, ou comment s&apos;en débarrasser --</subfield><subfield code='t'>Vienne la Révolution, Vienne la légende --</subfield><subfield code='t'>Italie, Espagne, Dauphiné... Le passé, le futur --</subfield><subfield code='t'>Alors on agissait --</subfield><subfield code='t'>Le juge anarchiste, horizons ultra-judiciaires --</subfield><subfield code='t'>Être foule, être soi --</subfield><subfield code='t'>Textes &amp; Témoignages --</subfield><subfield code='t'>La brochure anarchiste du procès, décembre 1890 --</subfield><subfield code='t'>La cour d&apos;assises --</subfield><subfield code='t'>Défense de Tennevin --</subfield><subfield code='t'>Défense de Pierre Martin --</subfield><subfield code='t'>Les plaidoiries --</subfield><subfield code='t'>Le verdict --</subfield><subfield code='t'>La Cour de cassation --</subfield><subfield code='t'>Compte rendu du procès dans la Gazette des tribunaux --</subfield><subfield code='t'>Audiences des 8 et 9 août --</subfield><subfield code='t'>Audiences des 11 et 12 août --</subfield><subfield code='t'>Compte rendu du Père Peinard --</subfield><subfield code='t'>Au Palais d&apos;Injustice. À Grenoble --</subfield><subfield code='t'>Procès des Anarchos --</subfield><subfield code='t'>Le procès de Grenoble --</subfield><subfield code='t'>Articles de La Révolte --</subfield><subfield code='t'>Le procès de Grenoble., article du 16 août --</subfield><subfield code='t'>Le procès de Grenoble., compte rendu du 23 août --</subfield><subfield code='t'>Lettre de Pierre Martin --</subfield><subfield code='t'>Procès de Pierre Martin à Gap --</subfield><subfield code='t'>Le décompte des brochures anarchistes --</subfield><subfield code='t'>Lettres de Louise Michel au juge d&apos;instruction --</subfield><subfield code='t'>Pendant que mes paroles me reviennent à la mémoire --</subfield><subfield code='t'>Lettre manuscrite du 25 mai 1890 --</subfield><subfield code='t'>Il m&apos;a toujours été impossible de m&apos;expliquer --</subfield><subfield code='t'>Lettre manuscrite du 26 mai 1890 --</subfield><subfield code='t'>Première et deuxième lettres ouvertes au juge d&apos;instruction, juillet 1890 --</subfield><subfield code='t'>De Londres, troisième et dernière lettre ouverte au juge d&apos;instruction, août 18 90 --</subfield><subfield code='t'>Conférence du 29 avril et réunions des 30 avril et 1 mai racontées par le commissaire de Vienne --</subfield><subfield code='t'>Louise Michel oratrice, Tennevin orateur --</subfield><subfield code='t'>Rapport de la séance du 29 avril 1890 dans la salle du théâtre de Vienne --</subfield><subfield code='t'>Rapport de la séance du 30 avril 1890 dans la salle du théâtre de Vienne --</subfield><subfield code='t'>Rapport de la séance du Meeting du 1er mai 1890 --</subfield><subfield code='t'>Réquisitoires d&apos;information contre Tennevin et Louise Michel, 3 mai 1890 --</subfield><subfield code='t'>Interrogatoire de Louise Michel et de Tennevin, 19 mai 1890 --</subfield><subfield code='t'>Ce qu&apos;ont dit Louise Michel et Tennevin à Vienne le 29 avril 1890, dépositions des témoins --</subfield><subfield code='t'>Conférences de Louise Michel aux Capucines, avril-juillet 1890, d&apos;après les rapports de police --</subfield><subfield code='t'>&quot;La grève générale : La fin !&quot;, conférence du 8 avril --</subfield><subfield code='t'>Hommes et choses du jour vus du XXe siècle., conférence du 15 avril --</subfield><subfield code='t'>Sur la manifestation du 1er mai, conférence annoncée pour le 28 avril --</subfield><subfield code='t'>Quatre jours d&apos;hallucination, conférence du 24 juin --</subfield><subfield code='t'>Notes d&apos;une irresponsable conférence du 1er juillet --</subfield><subfield code='t'>Souvenirs d&apos;hier et d&apos;autrefois. Condamnation des nihilistes. Épidémies morales. Microbes de fin d&apos;époque, conférence du 8 juillet --</subfield><subfield code='t'>À bas les bastilles ! conférence du 15 juillet --</subfield><subfield code='t'>Après la fête., conférence du 22 juillet --</subfield><subfield code='t'>Plaies sociales, conférence annoncée pour le 29 juillet --</subfield><subfield code='t'>Avant et après l&apos;affaire de Vienne, trois articles de presse --</subfield><subfield code='t'>Louise Michel manifestera-t-elle le 1er mai ? --</subfield><subfield code='t'>Le Petit National, 20 avril 1890 --</subfield><subfield code='t'>Sa fureur, son délire, ses visions --</subfield><subfield code='t'>La Presse, 8 juin 1890 --</subfield><subfield code='t'>Diafoirus et Jeanne d&apos;Arc, L&apos;Action sociale, Organe des travailleurs de la région de l&apos;Est, 15 juin 1890 --</subfield><subfield code='t'>Références abrégées, principes d&apos;édition et remerciements --</subfield><subfield code='t'>Index des noms de personnes.</subfield></datafield><datafield ind1=' ' ind2=' ' tag='520'><subfield code='a'>&quot;La première célébration, en 1890, du 1er mai en France eut lieu sous haute surveillance policière. Une petite ville échappe : à Vienne, en Isère, surgit le spectre de l&apos;anarchie, de la &quot;foule&quot; hors contrôle, hommes, femmes, enfants... La grève éclate, le maire est malmené, le commissaire &quot;abîmé&quot;, une fabrique de drap pillée. Un mot flamboie : &quot;Prenez, c&apos;est à vous !&quot; L&apos;avant-veille, deux orateurs de renom étaient venus chauffer les esprits : Louise Michel et Alexandre Tennevin, un cogneur. Tennevin et les &quot;meneurs&quot; locaux, Pierre Martin en tête, sont condamnés en août par la cour d&apos;assises de Grenoble. Louise Michel, écartée du procès, déclarée folle, menacée d&apos;internement, se multiplie d&apos;autant plus par la parole et par la plume (conférences, mémoires, romans, poésie...). Qui, de l&apos;accusateur ou des accusés, tient la sellette ? Qui définit l&apos;événement ? Émeute ? Révolution ? Affirmation du &quot;droit à l&apos;existence&quot;, première lueur du &quot;banquet de la vie&quot; pour tous ? &quot;Les bêtes du bois peuvent boire à la source, on fera de même&quot; (Louise Michel). Qui pèse les faits et les valeurs ? Qui pose les mots - quels mots, avec quelles images, quels rythmes ? Au procès, puis par les écrits, c&apos;est tout un art anarchiste de l&apos;éloquence qui se déploie, un style, un souffle. Au-delà, à travers la mémoire, les récits et les recréations (Pierre Martin, Élisée Reclus, Louise Michel...), le sens et l&apos;épopée s&apos;élaborent, la société, la nature et la justice se réinventent.&quot;--Page 4 of cover.</subfield></datafield><datafield ind1='0' ind2=' ' tag='545'><subfield code='a'>Claude Rétat accompagne cet essai d&apos;un dossier de textes &amp; témoignages (brochure des anarchistes sur le procès de 1890, presse, dossier judiciaire et autres archives, parmi lesquelles les rapports de police sur les conférences de Louise Michel) et d&apos;une riche iconographie.</subfield></datafield><datafield ind1=' ' ind2='1' tag='264'><subfield code='a'>Saint-Pourçain-sur-Sioule :</subfield><subfield code='b'>Bleu autour,</subfield><subfield code='c'>[2022]</subfield></datafield><datafield ind1=' ' ind2=' ' tag='300'><subfield code='a'>387 pages :</subfield><subfield code='b'>illustrations, facsimiles ;</subfield><subfield code='c'>22 cm.</subfield></datafield><datafield ind1=' ' ind2=' ' tag='336'><subfield code='a'>text</subfield><subfield code='b'>txt</subfield><subfield code='2'>rdacontent</subfield></datafield><datafield ind1=' ' ind2=' ' tag='337'><subfield code='a'>unmediated</subfield><subfield code='b'>n</subfield><subfield code='2'>rdamedia</subfield></datafield><datafield ind1=' ' ind2=' ' tag='338'><subfield code='a'>volume</subfield><subfield code='b'>nc</subfield><subfield code='2'>rdacarrier</subfield></datafield><datafield ind1='0' ind2=' ' tag='490'><subfield code='a'>&quot;Grands essais&quot;,</subfield><subfield code='x'>2803-7812</subfield></datafield><datafield ind1='1' ind2='2' tag='245'><subfield code='a'>L&apos;anarchie au prétoire :</subfield><subfield code='b'>Vienne, 1er mai 1890, une insurrection et ses juges /</subfield><subfield code='c'>Claude Rétat.</subfield></datafield><datafield ind1=' ' ind2=' ' tag='040'><subfield code='a'>Fr-PaAMA</subfield><subfield code='b'>eng</subfield><subfield code='e'>rda</subfield></datafield><datafield ind1=' ' ind2=' ' tag='043'><subfield code='a'>e-fr---</subfield></datafield><datafield ind1=' ' ind2='4' tag='050'><subfield code='a'>HX896.V6</subfield><subfield code='b'>R47 2022</subfield></datafield><datafield ind1=' ' ind2='4' tag='908'><subfield code='a'>HX896.V6</subfield><subfield code='b'>R47 2022</subfield></datafield><datafield ind1='1' ind2='4' tag='082'><subfield code='a'>944</subfield></datafield><datafield ind1=' ' ind2=' ' tag='901'><subfield code='a'>AUXAM</subfield></datafield><datafield ind1=' ' ind2=' ' tag='910'><subfield code='a'>RL</subfield></datafield><datafield ind1=' ' ind2=' ' tag='960'><subfield code='s'>3225</subfield><subfield code='t'>MAL</subfield><subfield code='u'>48005APPRV</subfield></datafield><datafield ind1='0' ind2='0' tag='907'><subfield code='a'>.b228331444</subfield></datafield><datafield ind1=' ' ind2=' ' tag='035'><subfield code='a'>(OCoLC)1313793656</subfield></datafield><datafield ind1='8' ind2=' ' tag='852'><subfield code='h'>ReCAP 22-111594</subfield><subfield code='0'>15212959</subfield><subfield code='b'>scsbnypl</subfield></datafield><datafield ind1=' ' ind2=' ' tag='876'><subfield code='0'>15212959</subfield><subfield code='a'>21729656</subfield><subfield code='j'>Available</subfield><subfield code='p'>33433132818927</subfield><subfield code='t'>1</subfield><subfield code='x'>Shared</subfield><subfield code='z'>NA</subfield><subfield code='l'>RECAP</subfield></datafield></record>