
<record><leader>02137pam a2200361 a 4500</leader><controlfield tag='001'>SCSB-5224214</controlfield><controlfield tag='003'>NNC</controlfield><controlfield tag='005'>20221121182146.0</controlfield><controlfield tag='008'>050419t20062006nyu           000 1 eng  </controlfield><controlfield tag='009'>5540747</controlfield><datafield ind1=' ' ind2=' ' tag='010'><subfield code='a'>  2005010836</subfield></datafield><datafield ind1=' ' ind2=' ' tag='020'><subfield code='a'>0307336778</subfield></datafield><datafield ind1=' ' ind2=' ' tag='035'><subfield code='a'>(OCoLC)OCM59360252</subfield></datafield><datafield ind1=' ' ind2=' ' tag='035'><subfield code='a'>(NNC)5540747</subfield></datafield><datafield ind1=' ' ind2=' ' tag='035'><subfield code='a'>5540747</subfield></datafield><datafield ind1=' ' ind2=' ' tag='040'><subfield code='a'>DLC</subfield><subfield code='c'>DLC</subfield><subfield code='d'>BAKER</subfield><subfield code='d'>C#P</subfield><subfield code='d'>OrLoB-B</subfield></datafield><datafield ind1=' ' ind2=' ' tag='043'><subfield code='a'>n-us-fl</subfield></datafield><datafield ind1='0' ind2='0' tag='050'><subfield code='a'>PS3561.E382</subfield><subfield code='b'>W47 2006</subfield></datafield><datafield ind1='0' ind2='0' tag='082'><subfield code='a'>813/.6</subfield><subfield code='2'>22</subfield></datafield><datafield ind1='1' ind2=' ' tag='100'><subfield code='a'>Kelby, N. M.</subfield><subfield code='q'>(Nicole M.)</subfield><subfield code='0'>http://id.loc.gov/authorities/names/n00031251</subfield></datafield><datafield ind1='1' ind2='0' tag='245'><subfield code='a'>Whale season :</subfield><subfield code='b'>a novel /</subfield><subfield code='c'>N.M. Kelby.</subfield></datafield><datafield ind1=' ' ind2=' ' tag='250'><subfield code='a'>1st ed.</subfield></datafield><datafield ind1=' ' ind2=' ' tag='260'><subfield code='a'>New York :</subfield><subfield code='b'>Shaye Areheart Books,</subfield><subfield code='c'>[2006], ©2006.</subfield></datafield><datafield ind1=' ' ind2=' ' tag='300'><subfield code='a'>286 pages ;</subfield><subfield code='c'>22 cm</subfield></datafield><datafield ind1=' ' ind2=' ' tag='336'><subfield code='a'>text</subfield><subfield code='b'>txt</subfield><subfield code='2'>rdacontent</subfield></datafield><datafield ind1=' ' ind2=' ' tag='337'><subfield code='a'>unmediated</subfield><subfield code='b'>n</subfield><subfield code='2'>rdamedia</subfield></datafield><datafield ind1='1' ind2=' ' tag='520'><subfield code='a'>&quot;One Christmas Eve, Whale Harbor is visited by a man who thinks he&apos;s Jesus and claims to be looking for a game of poker. But, as usual, things are not quite what they seem. Having some version of the Lord in town for his birthday creates a strange effect on the locals: unlikely couples are breaking up and making up and making out; a luxury mobile home that belonged to an elderly couple from New Jersey (until they disappeared after a run-in with &quot;the Lord&quot;) is won by a down-on-his-luck gambler in an unbelievable hand of poker; the area&apos;s most well-known and long-forgotten tourist attraction is rising up from a hole in the ground; and a gun no one has used in years is suddenly in hot demand. In the steamy climes of southern Florida, you take your miracles where you can get them - and if that means being led to salvation by a schizophrenic with a rap sheet, so be it.&quot;--BOOK JACKET.</subfield></datafield><datafield ind1=' ' ind2='0' tag='650'><subfield code='a'>Recreational vehicle industry</subfield><subfield code='v'>Fiction.</subfield></datafield><datafield ind1=' ' ind2='0' tag='650'><subfield code='a'>Eccentrics and eccentricities</subfield><subfield code='v'>Fiction.</subfield><subfield code='0'>http://id.loc.gov/authorities/subjects/sh2008102513</subfield></datafield><datafield ind1=' ' ind2='0' tag='650'><subfield code='a'>Sales personnel</subfield><subfield code='v'>Fiction.</subfield><subfield code='0'>http://id.loc.gov/authorities/subjects/sh2010111840</subfield></datafield><datafield ind1=' ' ind2='0' tag='651'><subfield code='a'>Florida</subfield><subfield code='v'>Fiction.</subfield><subfield code='0'>http://id.loc.gov/authorities/subjects/sh2008103529</subfield></datafield><datafield ind1=' ' ind2='7' tag='655'><subfield code='a'>Mystery fiction.</subfield><subfield code='2'>gsafd</subfield></datafield><datafield ind1='0' ind2='0' tag='852'><subfield code='h'>PS3561.E382 W47 2006</subfield><subfield code='0'>5210569</subfield><subfield code='b'>scsbcul</subfield></datafield><datafield ind1=' ' ind2=' ' tag='876'><subfield code='0'>5210569</subfield><subfield code='a'>7784851</subfield><subfield code='h'> </subfield><subfield code='j'>Available</subfield><subfield code='p'>CU11791012</subfield><subfield code='t'>1</subfield><subfield code='x'>Shared</subfield><subfield code='z'>CU</subfield><subfield code='l'>RECAP</subfield></datafield></record>