
<record><leader>00586nam a2200205Ia 4500</leader><controlfield tag='001'>SCSB-10286394</controlfield><controlfield tag='005'>20020606093309.7</controlfield><controlfield tag='008'>820908s1959    nju           00010 eng d</controlfield><controlfield tag='009'>990022562990203941</controlfield><datafield ind1=' ' ind2=' ' tag='035'><subfield code='a'>(OCoLC)8753196</subfield></datafield><datafield ind1=' ' ind2=' ' tag='040'><subfield code='a'>DAY</subfield><subfield code='c'>DAY</subfield><subfield code='d'>m/c</subfield><subfield code='d'>BHA</subfield></datafield><datafield ind1=' ' ind2='4' tag='050'><subfield code='a'>BS580.J55</subfield><subfield code='b'>F5</subfield></datafield><datafield ind1=' ' ind2=' ' tag='090'><subfield code='a'>BS580.J55</subfield><subfield code='b'>F5</subfield></datafield><datafield ind1='1' ind2=' ' tag='100'><subfield code='a'>Fischer, James A.</subfield></datafield><datafield ind1='1' ind2='0' tag='245'><subfield code='a'>Jonas and the whale /</subfield><subfield code='c'>by James A. Fischer.</subfield></datafield><datafield ind1=' ' ind2=' ' tag='260'><subfield code='a'>Paterson, N.J. :</subfield><subfield code='b'>Saint Anthony&apos;s Guild,</subfield><subfield code='c'>c1959.</subfield></datafield><datafield ind1=' ' ind2=' ' tag='300'><subfield code='a'>43 p. ;</subfield><subfield code='c'>18 cm.</subfield></datafield><datafield ind1='0' ind2=' ' tag='490'><subfield code='a'>Catholic Biblical Association pamphlet</subfield></datafield><datafield ind1='0' ind2='0' tag='600'><subfield code='a'>Jonah</subfield><subfield code='c'>(Biblical prophet)</subfield></datafield><datafield ind1='1' ind2=' ' tag='583'><subfield code='a'>committed to retain</subfield><subfield code='c'>20181001</subfield><subfield code='d'>in perpetuity</subfield><subfield code='f'>ReCAP Shared Collection</subfield><subfield code='5'>HUL</subfield><subfield code='8'>221839205980003941</subfield></datafield><datafield ind1='8' ind2=' ' tag='852'><subfield code='c'>HD</subfield><subfield code='h'>472.6</subfield><subfield code='i'>F629j</subfield><subfield code='8'>221839205980003941</subfield><subfield code='0'>11051948</subfield><subfield code='b'>scsbhl</subfield></datafield><datafield ind1=' ' ind2=' ' tag='876'><subfield code='0'>11051948</subfield><subfield code='a'>16769830</subfield><subfield code='j'>Available</subfield><subfield code='k'>DIV</subfield><subfield code='p'>AH765P</subfield><subfield code='x'>Shared</subfield><subfield code='z'>AH</subfield><subfield code='l'>HD</subfield></datafield></record>