
<record><leader>00000cam a2200589 i 4500</leader><controlfield tag='001'>SCSB-15064909</controlfield><controlfield tag='003'>OCoLC</controlfield><controlfield tag='005'>20250429120346.0</controlfield><controlfield tag='008'>240506t20232023mx     f b    000 0 spa ccam i </controlfield><controlfield tag='009'>.b23452585x</controlfield><datafield ind1='1' ind2=' ' tag='100'><subfield code='a'>Illades, Carlos,</subfield><subfield code='e'>author.</subfield><subfield code='1'>https://id.oclc.org/worldcat/entity/E39PCjwBF7RjYmfh7CHfCCxvH3</subfield></datafield><datafield ind1=' ' ind2='0' tag='650'><subfield code='a'>Right and left (Political science)</subfield></datafield><datafield ind1=' ' ind2='0' tag='650'><subfield code='a'>Socialism</subfield><subfield code='z'>Mexico</subfield><subfield code='y'>20th century.</subfield></datafield><datafield ind1=' ' ind2='0' tag='650'><subfield code='a'>Communism and intellectuals</subfield><subfield code='z'>Mexico</subfield><subfield code='y'>20th century.</subfield></datafield><datafield ind1=' ' ind2='0' tag='650'><subfield code='a'>Intellectuals</subfield><subfield code='z'>Mexico</subfield><subfield code='v'>Biography.</subfield></datafield><datafield ind1=' ' ind2='7' tag='648'><subfield code='a'>1900-1999</subfield><subfield code='2'>fast</subfield></datafield><datafield ind1=' ' ind2='7' tag='650'><subfield code='a'>Socialism.</subfield><subfield code='2'>fast</subfield><subfield code='0'>(OCoLC)fst01123637</subfield></datafield><datafield ind1=' ' ind2='7' tag='650'><subfield code='a'>Communism and intellectuals.</subfield><subfield code='2'>fast</subfield><subfield code='0'>(OCoLC)fst00870502</subfield></datafield><datafield ind1=' ' ind2='7' tag='650'><subfield code='a'>Intellectuals.</subfield><subfield code='2'>fast</subfield><subfield code='0'>(OCoLC)fst00975799</subfield></datafield><datafield ind1=' ' ind2='7' tag='650'><subfield code='a'>Right and left (Political science)</subfield><subfield code='2'>fast</subfield><subfield code='0'>(OCoLC)fst01097849</subfield></datafield><datafield ind1=' ' ind2='7' tag='651'><subfield code='a'>Mexico.</subfield><subfield code='2'>fast</subfield><subfield code='0'>(OCoLC)fst01211700</subfield></datafield><datafield ind1=' ' ind2='7' tag='655'><subfield code='a'>Biographies.</subfield><subfield code='2'>fast</subfield><subfield code='0'>(OCoLC)fst01919896</subfield></datafield><datafield ind1=' ' ind2=' ' tag='020'><subfield code='a'>9786078898251</subfield></datafield><datafield ind1=' ' ind2=' ' tag='020'><subfield code='a'>6078898256</subfield></datafield><datafield ind1=' ' ind2=' ' tag='504'><subfield code='a'>Includes bibliographical references (pages 299-326).</subfield></datafield><datafield ind1=' ' ind2=' ' tag='520'><subfield code='a'>El presente volumen aborda las principales líneas que ha tomado el pensamiento de la izquierda socialista a lo largo de los últimos dos siglos, particularmente en México. Debido a las diversas modulaciones, conceptos y estrategias de lucha se percibe una continuidad consistente en las ideas, referentes, expectativas y objetivos de sus intelectuales, ya fueran utopistas, socialistas románticos, anarquistas, socialistas cristianos, comunistas ortodoxos y disidentes que tomaron como núcleo reflexivo la llamada &quot;cuestión social&quot;, concebida en el siglo xx como &quot;justicia social&quot; y, contemporáneamente, como equidad. La pregunta crucial era: ¿cómo se lograrán los objetivos socialistas en un país capitalista periférico? La respuesta se encontrará a lo largo de los retratos filosófico-biográficos que el autor realiza de cada uno de los pensadores contenidos en este libro. Además, planteará, junto con ellos, nuevas interrogantes y líneas de reflexión para este futuro inmediato que se avizora. --</subfield><subfield code='c'>Summary from book.</subfield></datafield><datafield ind1=' ' ind2='1' tag='264'><subfield code='a'>Ciudad de México, México :</subfield><subfield code='b'>Ediciones Akal,</subfield><subfield code='c'>2023.</subfield></datafield><datafield ind1=' ' ind2='4' tag='264'><subfield code='c'>©2023</subfield></datafield><datafield ind1=' ' ind2=' ' tag='300'><subfield code='a'>326 pages ;</subfield><subfield code='c'>21 cm.</subfield></datafield><datafield ind1=' ' ind2=' ' tag='336'><subfield code='a'>text</subfield><subfield code='b'>txt</subfield><subfield code='2'>rdacontent</subfield></datafield><datafield ind1=' ' ind2=' ' tag='337'><subfield code='a'>unmediated</subfield><subfield code='b'>n</subfield><subfield code='2'>rdamedia</subfield></datafield><datafield ind1=' ' ind2=' ' tag='338'><subfield code='a'>volume</subfield><subfield code='b'>nc</subfield><subfield code='2'>rdacarrier</subfield></datafield><datafield ind1='0' ind2=' ' tag='490'><subfield code='a'>Akal/Inter Pares</subfield></datafield><datafield ind1=' ' ind2='0' tag='830'><subfield code='a'>Inter Pares.</subfield></datafield><datafield ind1='1' ind2='0' tag='245'><subfield code='a'>Por la izquierda :</subfield><subfield code='b'>intelectuales socialistas en México /</subfield><subfield code='c'>Carlos Illades.</subfield></datafield><datafield ind1=' ' ind2=' ' tag='019'><subfield code='a'>1436914394</subfield><subfield code='a'>1453754191</subfield></datafield><datafield ind1=' ' ind2=' ' tag='040'><subfield code='a'>IQU</subfield><subfield code='b'>eng</subfield><subfield code='e'>rda</subfield><subfield code='c'>IQU</subfield><subfield code='d'>HUL</subfield><subfield code='d'>OCLCO</subfield><subfield code='d'>TJC</subfield><subfield code='d'>NYP</subfield></datafield><datafield ind1=' ' ind2=' ' tag='042'><subfield code='a'>pcc</subfield></datafield><datafield ind1=' ' ind2=' ' tag='043'><subfield code='a'>n-mx---</subfield></datafield><datafield ind1=' ' ind2=' ' tag='049'><subfield code='a'>NYPP</subfield></datafield><datafield ind1=' ' ind2='4' tag='050'><subfield code='a'>HX113.7</subfield><subfield code='b'>.I45 2023</subfield></datafield><datafield ind1=' ' ind2='4' tag='050'><subfield code='a'>HX528</subfield><subfield code='b'>.I45 2023</subfield></datafield><datafield ind1=' ' ind2=' ' tag='901'><subfield code='a'>MARS</subfield></datafield><datafield ind1=' ' ind2='4' tag='908'><subfield code='a'>HX113.7</subfield><subfield code='b'>.I45 2023</subfield></datafield><datafield ind1=' ' ind2='4' tag='908'><subfield code='a'>HX528</subfield><subfield code='b'>.I45 2023</subfield></datafield><datafield ind1=' ' ind2=' ' tag='901'><subfield code='a'>cir</subfield><subfield code='b'>CATRL</subfield></datafield><datafield ind1=' ' ind2=' ' tag='910'><subfield code='a'>RL</subfield></datafield><datafield ind1='0' ind2='0' tag='907'><subfield code='a'>.b23452585x</subfield></datafield><datafield ind1=' ' ind2=' ' tag='035'><subfield code='a'>(OCoLC)1432734029</subfield></datafield><datafield ind1='8' ind2=' ' tag='852'><subfield code='h'>ReCAP 25-8191</subfield><subfield code='0'>16149784</subfield><subfield code='b'>scsbnypl</subfield></datafield><datafield ind1=' ' ind2=' ' tag='876'><subfield code='0'>16149784</subfield><subfield code='a'>22853267</subfield><subfield code='j'>Available</subfield><subfield code='p'>33433139142289</subfield><subfield code='t'>1</subfield><subfield code='x'>Shared</subfield><subfield code='z'>NA</subfield><subfield code='l'>RECAP</subfield></datafield></record>