
<record><leader>00000nam  2200385 i 4500</leader><controlfield tag='001'>SCSB-15248448</controlfield><controlfield tag='005'>20250901105209.0</controlfield><controlfield tag='008'>250901e202503  sp a     b    000 0 spa dnam i </controlfield><controlfield tag='009'>.b237491345</controlfield><datafield ind1='1' ind2=' ' tag='100'><subfield code='a'>Pozo Fajarnés, José Luis,</subfield><subfield code='e'>author.</subfield></datafield><datafield ind1=' ' ind2='0' tag='651'><subfield code='a'>Spain</subfield><subfield code='x'>Historiography.</subfield></datafield><datafield ind1=' ' ind2='0' tag='650'><subfield code='a'>Black Legend (Spanish history)</subfield></datafield><datafield ind1=' ' ind2='0' tag='650'><subfield code='a'>Disinformation</subfield><subfield code='z'>Spain.</subfield></datafield><datafield ind1=' ' ind2='0' tag='650'><subfield code='a'>Communism</subfield><subfield code='z'>Spain</subfield><subfield code='x'>History.</subfield></datafield><datafield ind1=' ' ind2='0' tag='651'><subfield code='a'>Spain</subfield><subfield code='x'>Public opinion.</subfield></datafield><datafield ind1=' ' ind2=' ' tag='250'><subfield code='a'>Primera edición.</subfield></datafield><datafield ind1=' ' ind2=' ' tag='020'><subfield code='a'>9788419979711</subfield><subfield code='q'>(paperback)</subfield></datafield><datafield ind1=' ' ind2=' ' tag='504'><subfield code='a'>Includes bibliographical references (pages 321-324).</subfield></datafield><datafield ind1=' ' ind2='1' tag='264'><subfield code='a'>Córdoba :</subfield><subfield code='b'>Sekotia,</subfield><subfield code='c'>marzo de 2025.</subfield></datafield><datafield ind1=' ' ind2=' ' tag='300'><subfield code='a'>325 pages :</subfield><subfield code='b'>illustrations ;</subfield><subfield code='c'>22 cm.</subfield></datafield><datafield ind1=' ' ind2=' ' tag='336'><subfield code='a'>text</subfield><subfield code='2'>rdacontent</subfield></datafield><datafield ind1=' ' ind2=' ' tag='337'><subfield code='a'>unmediated</subfield><subfield code='2'>rdamedia</subfield></datafield><datafield ind1=' ' ind2=' ' tag='338'><subfield code='a'>volume</subfield><subfield code='2'>rdacarrier</subfield></datafield><datafield ind1='1' ind2=' ' tag='490'><subfield code='a'>Reflejos de Actualidad</subfield></datafield><datafield ind1=' ' ind2='0' tag='830'><subfield code='a'>Reflejos de actualidad.</subfield></datafield><datafield ind1='1' ind2='3' tag='245'><subfield code='a'>El origen de la hispanofobia de la izquierda española :</subfield><subfield code='b'>el marxismo contra la idea de España /</subfield><subfield code='c'>José Luis Pozo Fajarnés.</subfield></datafield><datafield ind1=' ' ind2=' ' tag='040'><subfield code='a'>SP-BaPL</subfield><subfield code='b'>eng</subfield><subfield code='c'>SP-BaPL</subfield><subfield code='e'>rda</subfield></datafield><datafield ind1=' ' ind2=' ' tag='043'><subfield code='a'>e-sp---</subfield></datafield><datafield ind1='1' ind2='4' tag='050'><subfield code='a'>DP63</subfield><subfield code='b'>.P69 2025</subfield></datafield><datafield ind1='1' ind2='4' tag='908'><subfield code='a'>DP63</subfield><subfield code='b'>.P69 2025</subfield></datafield><datafield ind1=' ' ind2=' ' tag='901'><subfield code='a'>PVL</subfield></datafield><datafield ind1=' ' ind2=' ' tag='910'><subfield code='a'>RL</subfield></datafield><datafield ind1=' ' ind2=' ' tag='960'><subfield code='s'>33.50</subfield><subfield code='t'>mal</subfield><subfield code='u'>41901apprv</subfield></datafield><datafield ind1='0' ind2='0' tag='907'><subfield code='a'>.b237491345</subfield></datafield><datafield ind1=' ' ind2=' ' tag='035'><subfield code='a'>(OCoLC)1521589573</subfield></datafield><datafield ind1='8' ind2=' ' tag='852'><subfield code='h'>ReCAP 25-82959</subfield><subfield code='0'>16346798</subfield><subfield code='b'>scsbnypl</subfield></datafield><datafield ind1=' ' ind2=' ' tag='876'><subfield code='0'>16346798</subfield><subfield code='a'>23097047</subfield><subfield code='j'>Available</subfield><subfield code='p'>33433138509033</subfield><subfield code='t'>1</subfield><subfield code='x'>Shared</subfield><subfield code='z'>NA</subfield><subfield code='l'>RECAP</subfield></datafield></record>