
<record><leader>00000nam a2200373 i 4500</leader><controlfield tag='001'>SCSB-14353262</controlfield><controlfield tag='005'>20221214025007.0</controlfield><controlfield tag='008'>221214s2022    sp       b    001 0 spa dnam i </controlfield><controlfield tag='009'>.b22943695x</controlfield><datafield ind1='1' ind2=' ' tag='100'><subfield code='a'>Pérez Garzón, Juan Sisinio,</subfield><subfield code='e'>author.</subfield></datafield><datafield ind1=' ' ind2='0' tag='650'><subfield code='a'>Socialism</subfield><subfield code='z'>Spain</subfield><subfield code='x'>History.</subfield></datafield><datafield ind1=' ' ind2='0' tag='650'><subfield code='a'>Comunism</subfield><subfield code='z'>Spain</subfield><subfield code='x'>History.</subfield></datafield><datafield ind1=' ' ind2='0' tag='650'><subfield code='a'>Right and left (Political science)</subfield><subfield code='z'>Spain</subfield><subfield code='x'>History.</subfield></datafield><datafield ind1=' ' ind2='0' tag='650'><subfield code='a'>Political parties</subfield><subfield code='z'>Spain</subfield><subfield code='x'>History.</subfield></datafield><datafield ind1=' ' ind2=' ' tag='020'><subfield code='a'>9788413525631</subfield><subfield code='q'>(paperback)</subfield></datafield><datafield ind1=' ' ind2=' ' tag='504'><subfield code='a'>Includes bibliographical references (pages 495-497) and index.</subfield></datafield><datafield ind1='0' ind2=' ' tag='505'><subfield code='a'>Cuando ser liberal era revolucionario (1789-1840) -- Los demócratas, &quot;extrema izquierda&quot; del liberalismo (1840-1874) -- La emancipación social, catalizadora de ideas y conflictos (1874-1923) -- Del torbellino de esperanzas a una trágica derrota (1923-1956) -- Contra la dictadura y por la democracia: metamorfosis de las izquierdas (1956-1996) -- Entre la socialdemocracia y los valores identitarios (1996-2022).</subfield></datafield><datafield ind1=' ' ind2='1' tag='264'><subfield code='a'>Madrid :</subfield><subfield code='b'>Los Libros de la Catarata,</subfield><subfield code='c'>[2022]</subfield></datafield><datafield ind1=' ' ind2=' ' tag='300'><subfield code='a'>510 pages ;</subfield><subfield code='c'>24 cm.</subfield></datafield><datafield ind1=' ' ind2=' ' tag='336'><subfield code='a'>text</subfield><subfield code='2'>rdacontent</subfield></datafield><datafield ind1=' ' ind2=' ' tag='337'><subfield code='a'>unmediated</subfield><subfield code='2'>rdamedia</subfield></datafield><datafield ind1=' ' ind2=' ' tag='338'><subfield code='a'>volume</subfield><subfield code='2'>rdacarrier</subfield></datafield><datafield ind1='1' ind2=' ' tag='490'><subfield code='a'>Catarata ;</subfield><subfield code='v'>910</subfield></datafield><datafield ind1=' ' ind2='0' tag='830'><subfield code='a'>Libros de la catarata (Series) ;</subfield><subfield code='v'>910.</subfield></datafield><datafield ind1='1' ind2='0' tag='245'><subfield code='a'>Historia de las izquierdas en España (1789-2022) /</subfield><subfield code='c'>Juan Sisinio Pérez Garzón.</subfield></datafield><datafield ind1=' ' ind2=' ' tag='040'><subfield code='a'>SP-BaPL</subfield><subfield code='b'>eng</subfield><subfield code='c'>SP-BaPL</subfield><subfield code='e'>rda</subfield></datafield><datafield ind1=' ' ind2=' ' tag='043'><subfield code='a'>e-sp---</subfield></datafield><datafield ind1='1' ind2='4' tag='050'><subfield code='a'>HX341.5</subfield><subfield code='b'>.P47 2022</subfield></datafield><datafield ind1='1' ind2='4' tag='908'><subfield code='a'>HX341.5</subfield><subfield code='b'>.P47 2022</subfield></datafield><datafield ind1=' ' ind2=' ' tag='901'><subfield code='a'>PVL</subfield></datafield><datafield ind1=' ' ind2=' ' tag='910'><subfield code='a'>RL</subfield></datafield><datafield ind1=' ' ind2=' ' tag='960'><subfield code='s'>4400</subfield><subfield code='t'>mal</subfield><subfield code='u'>48005apprv</subfield></datafield><datafield ind1='0' ind2='0' tag='907'><subfield code='a'>.b22943695x</subfield></datafield><datafield ind1=' ' ind2=' ' tag='035'><subfield code='a'>(OCoLC)1350414489</subfield></datafield><datafield ind1='8' ind2=' ' tag='852'><subfield code='h'>ReCAP 22-85066</subfield><subfield code='0'>15310903</subfield><subfield code='b'>scsbnypl</subfield></datafield><datafield ind1=' ' ind2=' ' tag='876'><subfield code='0'>15310903</subfield><subfield code='a'>21848637</subfield><subfield code='j'>Available</subfield><subfield code='p'>33433131058483</subfield><subfield code='t'>1</subfield><subfield code='x'>Shared</subfield><subfield code='z'>NA</subfield><subfield code='l'>RECAP</subfield></datafield></record>