
<record><leader>00000nam a22002414a 4500</leader><controlfield tag='001'>SCSB-13352818</controlfield><controlfield tag='005'>20090603010339.0</controlfield><controlfield tag='008'>070307s2006    pe ab         000 0 spa c</controlfield><controlfield tag='009'>990107319720203941</controlfield><datafield ind1=' ' ind2=' ' tag='035'><subfield code='a'>(OCoLC)166268452</subfield></datafield><datafield ind1=' ' ind2=' ' tag='040'><subfield code='a'>COO</subfield><subfield code='c'>COO</subfield></datafield><datafield ind1=' ' ind2=' ' tag='042'><subfield code='a'>pcc</subfield></datafield><datafield ind1=' ' ind2='4' tag='050'><subfield code='a'>HD1696.P53</subfield><subfield code='b'>S276 2006</subfield></datafield><datafield ind1='1' ind2=' ' tag='100'><subfield code='a'>Rodríguez Añazco, Segundo Parcemón.</subfield></datafield><datafield ind1='1' ind2='0' tag='245'><subfield code='a'>Irrigación de márgenes derecha e izquierda del río Sisa :</subfield><subfield code='b'>&quot;una idea que sembró riqueza&quot; /</subfield><subfield code='c'>Segundo Parcemón Rodríguez Añazco.</subfield></datafield><datafield ind1=' ' ind2=' ' tag='260'><subfield code='a'>[Perú :</subfield><subfield code='b'>s.n.,</subfield><subfield code='c'>2006]</subfield></datafield><datafield ind1=' ' ind2=' ' tag='300'><subfield code='a'>128 p. :</subfield><subfield code='b'>ill., map ;</subfield><subfield code='c'>24 cm.</subfield></datafield><datafield ind1=' ' ind2='0' tag='650'><subfield code='a'>Water resources development</subfield><subfield code='z'>Peru</subfield><subfield code='z'>San Martín (Department)</subfield></datafield><datafield ind1=' ' ind2='0' tag='650'><subfield code='a'>Rivers</subfield><subfield code='z'>Peru</subfield><subfield code='z'>San Martín (Department)</subfield><subfield code='x'>Regulation.</subfield></datafield><datafield ind1=' ' ind2='4' tag='650'><subfield code='a'>Irrigation</subfield><subfield code='z'>Peru</subfield><subfield code='z'>San Martín (Dept.)</subfield></datafield><datafield ind1='1' ind2=' ' tag='583'><subfield code='a'>committed to retain</subfield><subfield code='c'>20181001</subfield><subfield code='d'>in perpetuity</subfield><subfield code='f'>ReCAP Shared Collection</subfield><subfield code='5'>HUL</subfield><subfield code='8'>222100153300003941</subfield></datafield><datafield ind1='0' ind2=' ' tag='852'><subfield code='c'>RD</subfield><subfield code='h'>HD1696.P53</subfield><subfield code='i'>S276 2006</subfield><subfield code='8'>222100153300003941</subfield><subfield code='0'>14224653</subfield><subfield code='b'>scsbhl</subfield></datafield><datafield ind1=' ' ind2=' ' tag='876'><subfield code='0'>14224653</subfield><subfield code='a'>20484968</subfield><subfield code='j'>Available</subfield><subfield code='k'>WID</subfield><subfield code='p'>32044109936732</subfield><subfield code='x'>Shared</subfield><subfield code='z'>HV</subfield><subfield code='l'>RECAP</subfield></datafield></record>