
<record><leader>02052cam a2200385 i 4500</leader><controlfield tag='001'>SCSB-15165840</controlfield><controlfield tag='005'>20250621170303.6</controlfield><controlfield tag='008'>250418s2024    pe       b    000 0dspa d</controlfield><controlfield tag='009'>20110534</controlfield><datafield ind1=' ' ind2=' ' tag='035'><subfield code='a'>20110534</subfield></datafield><datafield ind1=' ' ind2=' ' tag='040'><subfield code='a'>CUY</subfield><subfield code='b'>eng</subfield><subfield code='e'>rda</subfield><subfield code='c'>CUY</subfield><subfield code='d'>OCLCO</subfield></datafield><datafield ind1=' ' ind2=' ' tag='020'><subfield code='a'>9786124971303</subfield></datafield><datafield ind1=' ' ind2=' ' tag='020'><subfield code='a'>6124971305</subfield></datafield><datafield ind1=' ' ind2=' ' tag='035'><subfield code='a'>(OCoLC)1515182787</subfield></datafield><datafield ind1=' ' ind2=' ' tag='043'><subfield code='a'>s-pe---</subfield></datafield><datafield ind1=' ' ind2='4' tag='050'><subfield code='a'>F3448</subfield><subfield code='b'>.M37 2024</subfield></datafield><datafield ind1=' ' ind2=' ' tag='049'><subfield code='a'>ZCUA</subfield></datafield><datafield ind1='0' ind2='0' tag='245'><subfield code='a'>Mariátegui y la izquierda peruana /</subfield><subfield code='c'>Larry Delao (coordinador) ; Augusto Lostaunau [and seven others].</subfield></datafield><datafield ind1=' ' ind2=' ' tag='250'><subfield code='a'>Primera edición.</subfield></datafield><datafield ind1=' ' ind2='1' tag='264'><subfield code='a'>Lima, Perú :</subfield><subfield code='b'>Hegemonía Ediciones,</subfield><subfield code='c'>2024.</subfield></datafield><datafield ind1=' ' ind2=' ' tag='300'><subfield code='a'>179 pages ;</subfield><subfield code='c'>21 cm.</subfield></datafield><datafield ind1=' ' ind2=' ' tag='336'><subfield code='a'>text</subfield><subfield code='b'>txt</subfield><subfield code='2'>rdacontent</subfield></datafield><datafield ind1=' ' ind2=' ' tag='337'><subfield code='a'>unmediated</subfield><subfield code='b'>n</subfield><subfield code='2'>rdamedia</subfield></datafield><datafield ind1=' ' ind2=' ' tag='338'><subfield code='a'>volume</subfield><subfield code='b'>nc</subfield><subfield code='2'>rdacarrier</subfield></datafield><datafield ind1='0' ind2=' ' tag='490'><subfield code='a'>Serie Pensamiento crítico</subfield></datafield><datafield ind1=' ' ind2=' ' tag='504'><subfield code='a'>Includes bibliographical references.</subfield></datafield><datafield ind1='0' ind2=' ' tag='505'><subfield code='a'>Apuntes sobre José Carlos Mariátegui y los orígenes de la izquierda peruana a inicios del siglo XX -- La escena italiana 1920-1922 : cartas inéditas de José Carlos Mariátegui a Luis Varela y Orbegoso (Clovis) -- Aproximaciones a la revolución peruana : la praxis de José Carlos Mariátegui y la nueva izquierda en al Perú 1960-1968 -- El debate sobre el carácter de la sociedad : una aproximación a la cultura política de la izquierda -- Mariátegui y las tres montañas -- Puneños ilustres y la difusión de las ideas de Mariátegui en el altiplano -- El marxismo de José Carlos Mariátegui -- El pensamiento socialista en el Perú -- Mariátegui y la guerra.</subfield></datafield><datafield ind1='1' ind2='0' tag='600'><subfield code='a'>Mariátegui, José Carlos,</subfield><subfield code='d'>1894-1930.</subfield></datafield><datafield ind1='1' ind2='0' tag='600'><subfield code='a'>Mariátegui, José Carlos,</subfield><subfield code='d'>1894-1930</subfield><subfield code='x'>Political and social views.</subfield></datafield><datafield ind1=' ' ind2='0' tag='651'><subfield code='a'>Peru</subfield><subfield code='x'>Politics and government</subfield><subfield code='y'>1919-1968.</subfield></datafield><datafield ind1=' ' ind2='6' tag='651'><subfield code='a'>Pérou</subfield><subfield code='x'>Politique et gouvernement</subfield><subfield code='y'>1919-1968.</subfield><subfield code='0'>(CaQQLa)201-0071364</subfield></datafield><datafield ind1='1' ind2=' ' tag='700'><subfield code='a'>Delao Lizardo, Larry Alvin,</subfield><subfield code='e'>editor.</subfield></datafield><datafield ind1='1' ind2=' ' tag='700'><subfield code='a'>Lostaunau, Augusto,</subfield><subfield code='e'>author.</subfield></datafield><datafield ind1=' ' ind2=' ' tag='994'><subfield code='a'>C0</subfield><subfield code='b'>ZCU</subfield></datafield><datafield ind1='1' ind2=' ' tag='948'><subfield code='a'>20250612</subfield><subfield code='b'>c</subfield><subfield code='c'>as2107</subfield><subfield code='d'>MPS</subfield></datafield><datafield ind1='0' ind2='0' tag='852'><subfield code='0'>16254619</subfield><subfield code='h'>F3448</subfield><subfield code='i'>.M37 2024</subfield><subfield code='b'>scsbcul</subfield></datafield><datafield ind1=' ' ind2=' ' tag='876'><subfield code='0'>16254619</subfield><subfield code='a'>22985222</subfield><subfield code='j'>Available</subfield><subfield code='p'>CU29681120</subfield><subfield code='t'>0</subfield><subfield code='x'>Shared</subfield><subfield code='z'>CU</subfield><subfield code='l'>RECAP</subfield></datafield></record>