
<record><leader>01750cam a2200385Ii 4500</leader><controlfield tag='001'>SCSB-14590043</controlfield><controlfield tag='003'>NNC</controlfield><controlfield tag='005'>20240625222617.0</controlfield><controlfield tag='008'>200206s2019    dr a     b    000 0 spa d</controlfield><controlfield tag='009'>15370872</controlfield><datafield ind1=' ' ind2=' ' tag='020'><subfield code='a'>9789945614626</subfield></datafield><datafield ind1=' ' ind2=' ' tag='020'><subfield code='a'>9945614622</subfield></datafield><datafield ind1=' ' ind2=' ' tag='035'><subfield code='a'>(OCoLC)on1139525582</subfield></datafield><datafield ind1=' ' ind2=' ' tag='035'><subfield code='a'>(OCoLC)1139525582</subfield></datafield><datafield ind1=' ' ind2=' ' tag='035'><subfield code='a'>15370872</subfield></datafield><datafield ind1=' ' ind2=' ' tag='040'><subfield code='a'>PIT</subfield><subfield code='b'>eng</subfield><subfield code='e'>rda</subfield><subfield code='c'>PIT</subfield><subfield code='d'>PIT</subfield><subfield code='d'>OCLCF</subfield></datafield><datafield ind1='0' ind2=' ' tag='041'><subfield code='a'>spa</subfield><subfield code='a'>eng</subfield></datafield><datafield ind1=' ' ind2=' ' tag='049'><subfield code='a'>ZCUA</subfield></datafield><datafield ind1=' ' ind2='4' tag='050'><subfield code='a'>HQ1236</subfield><subfield code='b'>.A77 2019</subfield></datafield><datafield ind1='1' ind2=' ' tag='100'><subfield code='a'>Arraya, Lucy,</subfield><subfield code='e'>author.</subfield><subfield code='4'>http://id.loc.gov/vocabulary/relators/aut</subfield><subfield code='0'>http://id.loc.gov/authorities/names/n00039120</subfield></datafield><datafield ind1='1' ind2='0' tag='245'><subfield code='a'>Mujeres en la historia de las ideas politicas y revoluciones :</subfield><subfield code='b'>ni izquierda ni derecha han favorecido los derechos de la mujer = Women in the history of political ideas and revolutions : neither left nor right has favored the human rights of women /</subfield><subfield code='c'>Lucy Arraya.</subfield></datafield><datafield ind1='3' ind2=' ' tag='246'><subfield code='a'>Women in the history of political ideas and revolutions :</subfield><subfield code='b'>neither left nor right has favored the human rights of women</subfield></datafield><datafield ind1=' ' ind2='1' tag='264'><subfield code='a'>Santo Domingo, Dom. Rep. :</subfield><subfield code='b'>Editorial Santuario,</subfield><subfield code='c'>2019.</subfield></datafield><datafield ind1=' ' ind2=' ' tag='300'><subfield code='a'>36, 36 pages :</subfield><subfield code='b'>illustrations ;</subfield><subfield code='c'>23 cm</subfield></datafield><datafield ind1=' ' ind2=' ' tag='336'><subfield code='a'>text</subfield><subfield code='b'>txt</subfield><subfield code='2'>rdacontent</subfield></datafield><datafield ind1=' ' ind2=' ' tag='337'><subfield code='a'>unmediated</subfield><subfield code='b'>n</subfield><subfield code='2'>rdamedia</subfield></datafield><datafield ind1=' ' ind2=' ' tag='338'><subfield code='a'>volume</subfield><subfield code='b'>nc</subfield><subfield code='2'>rdacarrier</subfield></datafield><datafield ind1=' ' ind2=' ' tag='500'><subfield code='a'>Bound tête-bêche with Spanish and English texts.</subfield></datafield><datafield ind1=' ' ind2=' ' tag='546'><subfield code='a'>In Spanish and English.</subfield></datafield><datafield ind1=' ' ind2=' ' tag='504'><subfield code='a'>Includes bibliographical references.</subfield></datafield><datafield ind1=' ' ind2='0' tag='650'><subfield code='a'>Women</subfield><subfield code='x'>Political activity.</subfield><subfield code='0'>http://id.loc.gov/authorities/subjects/sh85147597</subfield></datafield><datafield ind1=' ' ind2='0' tag='650'><subfield code='a'>Women&apos;s rights.</subfield><subfield code='0'>http://id.loc.gov/authorities/subjects/sh85147765</subfield></datafield><datafield ind1=' ' ind2='7' tag='650'><subfield code='a'>Women</subfield><subfield code='x'>Political activity.</subfield><subfield code='2'>fast</subfield><subfield code='0'>(OCoLC)fst01734136</subfield></datafield><datafield ind1=' ' ind2='7' tag='650'><subfield code='a'>Women&apos;s rights.</subfield><subfield code='2'>fast</subfield><subfield code='0'>(OCoLC)fst01178818</subfield></datafield><datafield ind1='0' ind2='0' tag='852'><subfield code='h'>HQ1236 .A77 2019g</subfield><subfield code='0'>15576707</subfield><subfield code='b'>scsbcul</subfield></datafield><datafield ind1=' ' ind2=' ' tag='876'><subfield code='0'>15576707</subfield><subfield code='a'>22182383</subfield><subfield code='h'> </subfield><subfield code='j'>Available</subfield><subfield code='p'>CU28938240</subfield><subfield code='t'>1</subfield><subfield code='x'>Shared</subfield><subfield code='z'>CU</subfield><subfield code='l'>RECAP</subfield></datafield></record>