
<record><leader>00425nam a22001577u 4500</leader><controlfield tag='001'>SCSB-13170628</controlfield><controlfield tag='005'>20020606095253.2</controlfield><controlfield tag='008'>941114|1881    tu           |||||||ota|d</controlfield><controlfield tag='009'>990049674070203941</controlfield><datafield ind1=' ' ind2=' ' tag='035'><subfield code='a'>(OCoLC)31510395</subfield></datafield><datafield ind1='0' ind2=' ' tag='100'><subfield code='a'>Ahmet Bican,</subfield><subfield code='d'>active 15th century.</subfield></datafield><datafield ind1='1' ind2='0' tag='245'><subfield code='a'>Envar ül-aşıkin /</subfield><subfield code='c'>[yazan] Yazıcı oğlu Ahmed Bican.</subfield></datafield><datafield ind1=' ' ind2=' ' tag='260'><subfield code='a'>İstanbul :</subfield><subfield code='b'>[s.n.],</subfield><subfield code='c'>1299 [1881].</subfield></datafield><datafield ind1=' ' ind2=' ' tag='300'><subfield code='a'>457 p.</subfield></datafield><datafield ind1=' ' ind2='0' tag='650'><subfield code='a'>Islam</subfield></datafield><datafield ind1='0' ind2='0' tag='630'><subfield code='a'>Bible</subfield><subfield code='x'>Prophecies.</subfield></datafield><datafield ind1=' ' ind2='7' tag='655'><subfield code='a'>Prophecies</subfield><subfield code='2'>fast</subfield><subfield code='0'>(OCoLC)fst01922509</subfield></datafield><datafield ind1='0' ind2='8' tag='776'><subfield code='i'>Online version:</subfield><subfield code='a'>Ahmet Bican, active 15th century.</subfield><subfield code='t'>Envar ül-aşıkin.</subfield><subfield code='d'>İstanbul : [publisher not identified], 1299 [1881]</subfield><subfield code='w'>(OCoLC)1145174844</subfield></datafield><datafield ind1='1' ind2=' ' tag='583'><subfield code='a'>committed to retain</subfield><subfield code='c'>20181001</subfield><subfield code='d'>in perpetuity</subfield><subfield code='f'>ReCAP Shared Collection</subfield><subfield code='5'>HUL</subfield><subfield code='8'>222300069490003941</subfield></datafield><datafield ind1='7' ind2=' ' tag='852'><subfield code='2'>ZHCL</subfield><subfield code='c'>RD</subfield><subfield code='h'> OL 33510.8 </subfield><subfield code='0'>14035732</subfield><subfield code='b'>scsbhl</subfield></datafield><datafield ind1=' ' ind2=' ' tag='876'><subfield code='0'>14035732</subfield><subfield code='a'>20194842</subfield><subfield code='h'> </subfield><subfield code='j'>Available</subfield><subfield code='k'>WID</subfield><subfield code='p'>HX3234</subfield><subfield code='x'>Shared</subfield><subfield code='z'>HV</subfield><subfield code='l'>RECAP</subfield></datafield></record>