
<record><leader>00000nam  2200265Ia 4500</leader><controlfield tag='001'>SCSB-7987895</controlfield><controlfield tag='003'>OCoLC</controlfield><controlfield tag='005'>20000629185635.0</controlfield><controlfield tag='008'>850226s1848    nyu           000 0 eng dnamIa </controlfield><controlfield tag='009'>.b130294792</controlfield><datafield ind1='1' ind2=' ' tag='100'><subfield code='a'>Haskel, Daniel,</subfield><subfield code='d'>1784-1848.</subfield></datafield><datafield ind1='1' ind2=' ' tag='700'><subfield code='a'>Smith, J. Calvin</subfield><subfield code='q'>(John Calvin)</subfield></datafield><datafield ind1=' ' ind2='0' tag='651'><subfield code='a'>United States</subfield><subfield code='v'>Gazetteers.</subfield></datafield><datafield ind1=' ' ind2=' ' tag='500'><subfield code='a'>Title vignette.</subfield></datafield><datafield ind1=' ' ind2=' ' tag='500'><subfield code='a'>Reissure of 1st edition, 1843.</subfield></datafield><datafield ind1=' ' ind2=' ' tag='260'><subfield code='a'>New York :</subfield><subfield code='b'>Sherman &amp; Smith,</subfield><subfield code='c'>1848.</subfield></datafield><datafield ind1=' ' ind2=' ' tag='300'><subfield code='a'>752 p. ;</subfield><subfield code='c'>24 cm.</subfield></datafield><datafield ind1='1' ind2='2' tag='245'><subfield code='a'>A complete descriptive and statistical gazetteer of the United States of America :</subfield><subfield code='b'>... with an abstract of the census and statistics for 1840, exhibiting a complete view of the agricultural, commercial, manufacturing, and literary condition and resources of the country.</subfield><subfield code='c'>by Daniel Haskel and J. Calvin Smith.</subfield></datafield><datafield ind1=' ' ind2=' ' tag='040'><subfield code='a'>SMI</subfield><subfield code='c'>SMI</subfield><subfield code='d'>NYP</subfield><subfield code='d'>WaOLN</subfield></datafield><datafield ind1=' ' ind2=' ' tag='049'><subfield code='a'>NYPG</subfield></datafield><datafield ind1=' ' ind2=' ' tag='946'><subfield code='a'>r</subfield></datafield><datafield ind1=' ' ind2=' ' tag='997'><subfield code='a'>hg</subfield><subfield code='b'>11-14-00</subfield><subfield code='c'>m</subfield><subfield code='d'>a</subfield><subfield code='e'>-</subfield><subfield code='f'>eng</subfield><subfield code='g'>nyu</subfield><subfield code='h'>2</subfield></datafield><datafield ind1=' ' ind2=' ' tag='910'><subfield code='a'>RL</subfield></datafield><datafield ind1='0' ind2='0' tag='907'><subfield code='a'>.b130294792</subfield></datafield><datafield ind1=' ' ind2=' ' tag='035'><subfield code='a'>(OCoLC)11734667</subfield></datafield><datafield ind1='8' ind2=' ' tag='852'><subfield code='h'>KNC (Haskel, D. Complete descriptive and statistical gazetteer of the United States. 1848)</subfield><subfield code='0'>8130720</subfield><subfield code='b'>scsbnypl</subfield></datafield><datafield ind1=' ' ind2=' ' tag='876'><subfield code='0'>8130720</subfield><subfield code='a'>13372022</subfield><subfield code='h'>In Library Use</subfield><subfield code='j'>Available</subfield><subfield code='p'>33433002609232</subfield><subfield code='t'>1</subfield><subfield code='x'>Shared</subfield><subfield code='z'>NA</subfield><subfield code='l'>RECAP</subfield></datafield></record>