
<record><leader>01084cam a2200217Ia 4500</leader><controlfield tag='001'>SCSB-11609895</controlfield><controlfield tag='005'>20020606095253.2</controlfield><controlfield tag='008'>810129c18471844nyu           000 0 eng d</controlfield><controlfield tag='009'>990052044340203941</controlfield><datafield ind1=' ' ind2=' ' tag='035'><subfield code='a'>(OCoLC)7091177</subfield></datafield><datafield ind1=' ' ind2=' ' tag='040'><subfield code='a'>MAH</subfield><subfield code='c'>MAH</subfield><subfield code='d'>NGU</subfield><subfield code='d'>HLS</subfield></datafield><datafield ind1=' ' ind2=' ' tag='043'><subfield code='a'>n-us---</subfield></datafield><datafield ind1=' ' ind2='4' tag='050'><subfield code='a'>E154</subfield><subfield code='b'>.H336 1847</subfield></datafield><datafield ind1=' ' ind2=' ' tag='090'><subfield code='a'>E154</subfield><subfield code='b'>.H336 1847</subfield></datafield><datafield ind1='1' ind2=' ' tag='100'><subfield code='a'>Haskel, Daniel,</subfield><subfield code='d'>1784-1848.</subfield></datafield><datafield ind1='1' ind2='2' tag='245'><subfield code='a'>A complete descriptive and statistical gazetteer of the United States of America :</subfield><subfield code='b'>containing a particular description of the states, territories, counties, districts, parishes, cities, towns, and villages--mountains, rivers, lakes, canals, and railroads : with an abstract of the census and statistics for 1840, exhibiting a complete view of the agricultural, commercial, manufacturing, and literary condition and resources of the country /</subfield><subfield code='c'>by Daniel Haskel and J. Calvin Smith.</subfield></datafield><datafield ind1=' ' ind2=' ' tag='260'><subfield code='a'>New York :</subfield><subfield code='b'>Sherman &amp; Smith,</subfield><subfield code='c'>1847, c1844.</subfield></datafield><datafield ind1=' ' ind2=' ' tag='300'><subfield code='a'>754 p. ;</subfield><subfield code='c'>24 cm.</subfield></datafield><datafield ind1=' ' ind2='0' tag='651'><subfield code='a'>United States</subfield><subfield code='v'>Gazetteers</subfield></datafield><datafield ind1=' ' ind2='7' tag='655'><subfield code='a'>Gazetteers</subfield><subfield code='2'>fast</subfield></datafield><datafield ind1='1' ind2=' ' tag='700'><subfield code='a'>Smith, J. Calvin</subfield><subfield code='q'>(John Calvin)</subfield></datafield><datafield ind1='0' ind2='8' tag='776'><subfield code='i'>Online version:</subfield><subfield code='a'>Haskel, Daniel, 1784-1848.</subfield><subfield code='t'>Complete descriptive and statistical gazetteer of the United States of America.</subfield><subfield code='d'>New York : Sherman &amp; Smith, 1847, ©1844</subfield><subfield code='w'>(OCoLC)793727237</subfield></datafield><datafield ind1='1' ind2=' ' tag='583'><subfield code='a'>committed to retain</subfield><subfield code='c'>20181001</subfield><subfield code='d'>in perpetuity</subfield><subfield code='f'>ReCAP Shared Collection</subfield><subfield code='5'>HUL</subfield><subfield code='8'>221937802970003941</subfield></datafield><datafield ind1='7' ind2=' ' tag='852'><subfield code='2'>ZHCL</subfield><subfield code='c'>HD</subfield><subfield code='h'>US 10060.216.5</subfield><subfield code='0'>12423838</subfield><subfield code='b'>scsbhl</subfield></datafield><datafield ind1=' ' ind2=' ' tag='876'><subfield code='0'>12423838</subfield><subfield code='a'>18200074</subfield><subfield code='h'> </subfield><subfield code='j'>Available</subfield><subfield code='k'>WID</subfield><subfield code='p'>HX4PKA</subfield><subfield code='x'>Shared</subfield><subfield code='z'>HW</subfield><subfield code='l'>HD</subfield></datafield></record>