
<record><leader>00448nam a2200157u  4500</leader><controlfield tag='001'>SCSB-12060263</controlfield><controlfield tag='005'>20020606095253.2</controlfield><controlfield tag='008'>950206q18001899nyu           000 0 eng d</controlfield><controlfield tag='009'>990052682180203941</controlfield><datafield ind1=' ' ind2=' ' tag='035'><subfield code='a'>(OCoLC)7854044</subfield></datafield><datafield ind1=' ' ind2=' ' tag='040'><subfield code='a'>HLS</subfield><subfield code='c'>HLS</subfield></datafield><datafield ind1=' ' ind2='4' tag='050'><subfield code='a'>PQ2226</subfield><subfield code='b'>.A4</subfield></datafield><datafield ind1='1' ind2=' ' tag='100'><subfield code='a'>Dumas, Alexandre,</subfield><subfield code='d'>1802-1870</subfield></datafield><datafield ind1='1' ind2='0' tag='240'><subfield code='a'>Comte de Monte Cristo.</subfield><subfield code='l'>English</subfield></datafield><datafield ind1='1' ind2='0' tag='245'><subfield code='a'>Count of Monte Cristo.</subfield></datafield><datafield ind1=' ' ind2=' ' tag='260'><subfield code='a'>New York,</subfield><subfield code='b'>Hurst &amp; company</subfield><subfield code='c'>[18-?]</subfield></datafield><datafield ind1='1' ind2=' ' tag='700'><subfield code='a'>Maquet, Auguste,</subfield><subfield code='d'>1813-1888</subfield><subfield code='e'>author.</subfield><subfield code='1'>https://id.oclc.org/worldcat/entity/E39PBJqW3tQPbjDkvydHKfPWjC</subfield></datafield><datafield ind1='1' ind2=' ' tag='700'><subfield code='a'>Florentino, P. A.</subfield><subfield code='q'>(Pier Angelo),</subfield><subfield code='d'>1809-1864</subfield><subfield code='e'>author.</subfield><subfield code='1'>https://id.oclc.org/worldcat/entity/E39PCjxXr8mgP6KCYqbCFQJDmd</subfield></datafield><datafield ind1='1' ind2=' ' tag='583'><subfield code='a'>committed to retain</subfield><subfield code='c'>20181001</subfield><subfield code='d'>in perpetuity</subfield><subfield code='f'>ReCAP Shared Collection</subfield><subfield code='5'>HUL</subfield><subfield code='8'>221946800790003941</subfield></datafield><datafield ind1='7' ind2=' ' tag='852'><subfield code='2'>ZHCL</subfield><subfield code='c'>HD</subfield><subfield code='h'>KD 6712</subfield><subfield code='0'>12887325</subfield><subfield code='b'>scsbhl</subfield></datafield><datafield ind1=' ' ind2=' ' tag='876'><subfield code='0'>12887325</subfield><subfield code='a'>18681887</subfield><subfield code='h'> </subfield><subfield code='j'>Not Available</subfield><subfield code='k'>WID</subfield><subfield code='p'>HN1T4H</subfield><subfield code='x'>Shared</subfield><subfield code='z'>HW</subfield><subfield code='l'>HD</subfield></datafield></record>