
<record><leader>00493nam a2200169u  4500</leader><controlfield tag='001'>SCSB-12272659</controlfield><controlfield tag='005'>20020606093309.7</controlfield><controlfield tag='008'>930610s1899    mau           000 0 eng d</controlfield><controlfield tag='009'>990031163890203941</controlfield><datafield ind1=' ' ind2=' ' tag='035'><subfield code='a'>(OCoLC)78760515</subfield></datafield><datafield ind1=' ' ind2=' ' tag='040'><subfield code='a'>HLS</subfield><subfield code='c'>HLS</subfield></datafield><datafield ind1='1' ind2=' ' tag='100'><subfield code='a'>Dumas, Alexandre,</subfield><subfield code='d'>1802-1870</subfield></datafield><datafield ind1='1' ind2='0' tag='240'><subfield code='a'>Comte de Monte Cristo.</subfield><subfield code='l'>English</subfield></datafield><datafield ind1='1' ind2='4' tag='245'><subfield code='a'>The Count of Monte Cristo.</subfield></datafield><datafield ind1=' ' ind2=' ' tag='260'><subfield code='a'>Boston,</subfield><subfield code='b'>Little, Brown, &amp; Co.,</subfield><subfield code='c'>1899.</subfield></datafield><datafield ind1=' ' ind2=' ' tag='300'><subfield code='a'>2 v.</subfield><subfield code='b'>fronts.</subfield><subfield code='c'>20 cm.</subfield></datafield><datafield ind1='1' ind2=' ' tag='583'><subfield code='a'>committed to retain</subfield><subfield code='c'>20181001</subfield><subfield code='d'>in perpetuity</subfield><subfield code='f'>ReCAP Shared Collection</subfield><subfield code='5'>HUL</subfield><subfield code='8'>221856689430003941</subfield></datafield><datafield ind1=' ' ind2='0' tag='966'><subfield code='8'>0</subfield><subfield code='a'>2 v.</subfield><subfield code='8'>221856689430003941</subfield></datafield><datafield ind1='7' ind2=' ' tag='852'><subfield code='2'>ZHCL</subfield><subfield code='c'>HD</subfield><subfield code='h'>41538.16.8.3</subfield><subfield code='z'>Consult Cir. Desk for v.1=HWJZAY, v.2=HWJZA9</subfield><subfield code='0'>13105935</subfield><subfield code='b'>scsbhl</subfield></datafield><datafield ind1=' ' ind2=' ' tag='876'><subfield code='0'>13105935</subfield><subfield code='3'>v.1</subfield><subfield code='a'>18908249</subfield><subfield code='h'> </subfield><subfield code='j'>Available</subfield><subfield code='k'>WID</subfield><subfield code='p'>HWJZAY</subfield><subfield code='x'>Shared</subfield><subfield code='z'>HW</subfield><subfield code='l'>HD</subfield></datafield><datafield ind1=' ' ind2=' ' tag='876'><subfield code='0'>13105935</subfield><subfield code='3'>v.2</subfield><subfield code='a'>18908250</subfield><subfield code='h'> </subfield><subfield code='j'>Not Available</subfield><subfield code='k'>WID</subfield><subfield code='p'>HWJZA9</subfield><subfield code='x'>Shared</subfield><subfield code='z'>HW</subfield><subfield code='l'>HD</subfield></datafield></record>