
<record><leader>00000nam  2200265   4500</leader><controlfield tag='001'>SCSB-6708431</controlfield><controlfield tag='005'>20060627115945.0</controlfield><controlfield tag='008'>730117s1928    nyu    j      0   1 eng nnam   </controlfield><controlfield tag='009'>.b178837854</controlfield><datafield ind1='1' ind2=' ' tag='100'><subfield code='a'>Dumas, Alexandre,</subfield><subfield code='d'>1802-1870.</subfield></datafield><datafield ind1='1' ind2=' ' tag='700'><subfield code='a'>Schaeffer, Mead,</subfield><subfield code='d'>1898-</subfield><subfield code='e'>ill.</subfield></datafield><datafield ind1=' ' ind2=' ' tag='091'><subfield code='p'>J</subfield><subfield code='a'>FIC</subfield><subfield code='c'>DUMAS</subfield></datafield><datafield ind1=' ' ind2='7' tag='655'><subfield code='a'>Action and adventure fiction.</subfield><subfield code='2'>lcgft</subfield></datafield><datafield ind1=' ' ind2='0' tag='651'><subfield code='a'>France</subfield><subfield code='x'>History</subfield><subfield code='y'>19th century</subfield><subfield code='v'>Fiction.</subfield></datafield><datafield ind1=' ' ind2=' ' tag='010'><subfield code='a'>   28024066</subfield></datafield><datafield ind1=' ' ind2=' ' tag='500'><subfield code='a'>Written in collaboration with Auguste Maquet and possibly P. A. Fiorentino.</subfield></datafield><datafield ind1=' ' ind2=' ' tag='500'><subfield code='a'>Translation from the French.</subfield></datafield><datafield ind1=' ' ind2=' ' tag='500'><subfield code='a'>Illustrations by Mead Schaeffer.</subfield></datafield><datafield ind1=' ' ind2=' ' tag='500'><subfield code='a'>Abridged version.</subfield></datafield><datafield ind1=' ' ind2=' ' tag='260'><subfield code='a'>New York,</subfield><subfield code='c'>1928.</subfield></datafield><datafield ind1='1' ind2='4' tag='245'><subfield code='a'>The Count of Monte Cristo.</subfield></datafield><datafield ind1=' ' ind2=' ' tag='995'><subfield code='a'>316899</subfield></datafield><datafield ind1=' ' ind2=' ' tag='996'><subfield code='a'>730009974</subfield></datafield><datafield ind1=' ' ind2=' ' tag='040'><subfield code='d'>UtOrBLW</subfield></datafield><datafield ind1='1' ind2=' ' tag='041'><subfield code='a'>eng</subfield><subfield code='h'>fre</subfield></datafield><datafield ind1=' ' ind2=' ' tag='037'><subfield code='c'>5.00.</subfield></datafield><datafield ind1=' ' ind2=' ' tag='910'><subfield code='a'>RL</subfield></datafield><datafield ind1='0' ind2='0' tag='907'><subfield code='a'>.b178837854</subfield></datafield><datafield ind1='8' ind2=' ' tag='852'><subfield code='h'>J FIC D</subfield><subfield code='0'>6789769</subfield><subfield code='b'>scsbnypl</subfield></datafield><datafield ind1=' ' ind2=' ' tag='876'><subfield code='0'>6789769</subfield><subfield code='a'>10945792</subfield><subfield code='j'>Available</subfield><subfield code='p'>33333081019735</subfield><subfield code='t'>1</subfield><subfield code='x'>Shared</subfield><subfield code='z'>NH</subfield><subfield code='l'>RECAP</subfield></datafield></record>