
<record><leader>00525nam a2200181u  4500</leader><controlfield tag='001'>SCSB-11785145</controlfield><controlfield tag='005'>20020606095253.2</controlfield><controlfield tag='008'>950206q19001909nyu           000 0 eng d</controlfield><controlfield tag='009'>990052682570203941</controlfield><datafield ind1=' ' ind2=' ' tag='035'><subfield code='a'>(OCoLC)9309571</subfield></datafield><datafield ind1=' ' ind2=' ' tag='040'><subfield code='a'>HLS</subfield><subfield code='c'>HLS</subfield></datafield><datafield ind1='1' ind2=' ' tag='041'><subfield code='a'>eng</subfield><subfield code='h'>fre</subfield></datafield><datafield ind1=' ' ind2='4' tag='050'><subfield code='a'>PQ2226</subfield><subfield code='b'>.A38</subfield></datafield><datafield ind1='1' ind2=' ' tag='100'><subfield code='a'>Dumas, Alexandre,</subfield><subfield code='d'>1802-1870</subfield></datafield><datafield ind1='1' ind2='0' tag='240'><subfield code='a'>Comte de Monte Cristo.</subfield><subfield code='l'>English</subfield></datafield><datafield ind1='1' ind2='4' tag='245'><subfield code='a'>The Count of Monte-Cristo.</subfield></datafield><datafield ind1=' ' ind2=' ' tag='260'><subfield code='a'>New York,</subfield><subfield code='b'>American publishers corporation</subfield><subfield code='c'>[190-?]</subfield></datafield><datafield ind1=' ' ind2=' ' tag='300'><subfield code='a'>2 v.</subfield></datafield><datafield ind1=' ' ind2=' ' tag='500'><subfield code='a'>Spine: Popular ed.</subfield></datafield><datafield ind1='0' ind2='8' tag='776'><subfield code='i'>Online version:</subfield><subfield code='a'>Dumas, Alexandre, 1802-1870.</subfield><subfield code='s'>Conte de Monte-Cristo. English.</subfield><subfield code='t'>Count of Monte-Cristo.</subfield><subfield code='d'>New York : American Publishers Corp., [1890?]</subfield><subfield code='w'>(OCoLC)1102650223</subfield></datafield><datafield ind1='1' ind2=' ' tag='583'><subfield code='a'>committed to retain</subfield><subfield code='c'>20181001</subfield><subfield code='d'>in perpetuity</subfield><subfield code='f'>ReCAP Shared Collection</subfield><subfield code='5'>HUL</subfield><subfield code='8'>222285806970003941</subfield></datafield><datafield ind1=' ' ind2='0' tag='966'><subfield code='8'>0</subfield><subfield code='a'>2 v.</subfield><subfield code='8'>222285806970003941</subfield></datafield><datafield ind1='7' ind2=' ' tag='852'><subfield code='2'>ZHCL</subfield><subfield code='c'>HD</subfield><subfield code='h'>KD 22828</subfield><subfield code='0'>12604168</subfield><subfield code='b'>scsbhl</subfield></datafield><datafield ind1=' ' ind2=' ' tag='876'><subfield code='0'>12604168</subfield><subfield code='3'>v.2</subfield><subfield code='a'>18387423</subfield><subfield code='h'> </subfield><subfield code='j'>Available</subfield><subfield code='k'>WID</subfield><subfield code='p'>HN3IJ9</subfield><subfield code='x'>Shared</subfield><subfield code='z'>HW</subfield><subfield code='l'>HD</subfield></datafield><datafield ind1='7' ind2=' ' tag='852'><subfield code='2'>ZHCL</subfield><subfield code='c'>RD</subfield><subfield code='h'> KD 22828 </subfield><subfield code='0'>13903366</subfield><subfield code='b'>scsbhl</subfield></datafield><datafield ind1=' ' ind2=' ' tag='876'><subfield code='0'>13903366</subfield><subfield code='3'>v.1</subfield><subfield code='a'>19895370</subfield><subfield code='h'> </subfield><subfield code='j'>Available</subfield><subfield code='k'>WID</subfield><subfield code='p'>HN3IKP</subfield><subfield code='x'>Shared</subfield><subfield code='z'>HV</subfield><subfield code='l'>RECAP</subfield></datafield></record>