
<record><leader>00537nam a2200181u  4500</leader><controlfield tag='001'>SCSB-11096843</controlfield><controlfield tag='005'>20020606095253.2</controlfield><controlfield tag='008'>950206q18001899enk           000 0 eng d</controlfield><controlfield tag='009'>990052682130203941</controlfield><datafield ind1=' ' ind2=' ' tag='035'><subfield code='a'>(OCoLC)222720543</subfield></datafield><datafield ind1=' ' ind2=' ' tag='040'><subfield code='a'>HLS</subfield><subfield code='c'>HLS</subfield></datafield><datafield ind1='1' ind2=' ' tag='041'><subfield code='a'>eng</subfield><subfield code='h'>fre</subfield></datafield><datafield ind1='1' ind2=' ' tag='100'><subfield code='a'>Dumas, Alexandre,</subfield><subfield code='d'>1802-1870</subfield></datafield><datafield ind1='1' ind2='0' tag='240'><subfield code='a'>Comte de Monte Cristo.</subfield><subfield code='l'>English</subfield></datafield><datafield ind1='1' ind2='4' tag='245'><subfield code='a'>The count of Monte-Cristo.</subfield></datafield><datafield ind1=' ' ind2=' ' tag='250'><subfield code='a'>A new ed.</subfield></datafield><datafield ind1=' ' ind2=' ' tag='260'><subfield code='a'>London, etc.,</subfield><subfield code='b'>G. Routledge and Sons,</subfield><subfield code='c'>[18- ].</subfield></datafield><datafield ind1=' ' ind2=' ' tag='300'><subfield code='a'>2 v. (paged contin.)</subfield><subfield code='c'>[17 cm.]</subfield></datafield><datafield ind1='1' ind2=' ' tag='583'><subfield code='a'>committed to retain</subfield><subfield code='c'>20181001</subfield><subfield code='d'>in perpetuity</subfield><subfield code='f'>ReCAP Shared Collection</subfield><subfield code='5'>HUL</subfield><subfield code='8'>221946802110003941</subfield></datafield><datafield ind1=' ' ind2='0' tag='966'><subfield code='8'>0</subfield><subfield code='a'>2 v.(paged continuously)</subfield><subfield code='8'>221946802110003941</subfield></datafield><datafield ind1='7' ind2=' ' tag='852'><subfield code='2'>ZHCL</subfield><subfield code='c'>HD</subfield><subfield code='h'>KC 2439</subfield><subfield code='z'>Consult Cir. desk for v.1=HN38VY, v.2=HN38VZ</subfield><subfield code='0'>11895602</subfield><subfield code='b'>scsbhl</subfield></datafield><datafield ind1=' ' ind2=' ' tag='876'><subfield code='0'>11895602</subfield><subfield code='3'>v.2</subfield><subfield code='a'>17652004</subfield><subfield code='h'> </subfield><subfield code='j'>Available</subfield><subfield code='k'>WID</subfield><subfield code='p'>HN38VZ</subfield><subfield code='x'>Shared</subfield><subfield code='z'>HW</subfield><subfield code='l'>HD</subfield></datafield></record>