
<record><leader>00495nam a2200169u  4500</leader><controlfield tag='001'>SCSB-13142188</controlfield><controlfield tag='005'>20020606095253.2</controlfield><controlfield tag='008'>950206q18001899nyu           000 0 eng d</controlfield><controlfield tag='009'>990052682160203941</controlfield><datafield ind1=' ' ind2=' ' tag='035'><subfield code='a'>(OCoLC)1032654518</subfield></datafield><datafield ind1=' ' ind2=' ' tag='040'><subfield code='a'>HLS</subfield><subfield code='c'>HLS</subfield></datafield><datafield ind1='1' ind2=' ' tag='100'><subfield code='a'>Dumas, Alexandre,</subfield><subfield code='d'>1802-1870</subfield></datafield><datafield ind1='1' ind2='0' tag='240'><subfield code='a'>Comte de Monte Cristo.</subfield><subfield code='l'>English</subfield></datafield><datafield ind1='1' ind2='4' tag='245'><subfield code='a'>The Count of Monte Cristo.</subfield></datafield><datafield ind1=' ' ind2=' ' tag='260'><subfield code='a'>New York,</subfield><subfield code='b'>A.L. Burt co.</subfield><subfield code='c'>[18--].</subfield></datafield><datafield ind1=' ' ind2=' ' tag='300'><subfield code='a'>2 v. in 1.</subfield><subfield code='b'>plates.</subfield><subfield code='c'>19 cm.</subfield></datafield><datafield ind1='1' ind2=' ' tag='583'><subfield code='a'>committed to retain</subfield><subfield code='c'>20181001</subfield><subfield code='d'>in perpetuity</subfield><subfield code='f'>ReCAP Shared Collection</subfield><subfield code='5'>HUL</subfield><subfield code='8'>221946801500003941</subfield></datafield><datafield ind1='7' ind2=' ' tag='852'><subfield code='2'>ZHCL</subfield><subfield code='c'>RD</subfield><subfield code='h'>KD 16135</subfield><subfield code='0'>14005798</subfield><subfield code='b'>scsbhl</subfield></datafield><datafield ind1=' ' ind2=' ' tag='876'><subfield code='0'>14005798</subfield><subfield code='3'>v.2</subfield><subfield code='a'>20115132</subfield><subfield code='h'> </subfield><subfield code='j'>Available</subfield><subfield code='k'>WID</subfield><subfield code='p'>HN1L9Q</subfield><subfield code='x'>Shared</subfield><subfield code='z'>HV</subfield><subfield code='l'>RECAP</subfield></datafield></record>