
<record><leader>00723cam a2200241Ia 4500</leader><controlfield tag='001'>SCSB-10830152</controlfield><controlfield tag='005'>20020606090541.3</controlfield><controlfield tag='008'>810525s1894    mau           00000 eng d</controlfield><controlfield tag='009'>990014374690203941</controlfield><datafield ind1=' ' ind2=' ' tag='035'><subfield code='a'>(OCoLC)7444299</subfield></datafield><datafield ind1=' ' ind2=' ' tag='040'><subfield code='a'>IOF</subfield><subfield code='c'>IOF</subfield><subfield code='d'>OCL</subfield></datafield><datafield ind1='1' ind2='4' tag='050'><subfield code='a'>PZ3.D89</subfield><subfield code='b'>Cou11</subfield></datafield><datafield ind1=' ' ind2=' ' tag='090'><subfield code='a'>PQ2223</subfield><subfield code='b'>.C7 1894a</subfield></datafield><datafield ind1='1' ind2=' ' tag='100'><subfield code='a'>Dumas, Alexandre,</subfield><subfield code='d'>1802-1870</subfield></datafield><datafield ind1='1' ind2='0' tag='240'><subfield code='a'>Comte de Monte Cristo.</subfield><subfield code='l'>English</subfield></datafield><datafield ind1='1' ind2='4' tag='245'><subfield code='a'>The Count of Monte Cristo.</subfield></datafield><datafield ind1=' ' ind2=' ' tag='250'><subfield code='a'>Handy library ed.</subfield></datafield><datafield ind1=' ' ind2=' ' tag='260'><subfield code='a'>Boston :</subfield><subfield code='b'>Little, Brown &amp; Co.,</subfield><subfield code='c'>1894.</subfield></datafield><datafield ind1=' ' ind2=' ' tag='300'><subfield code='a'>3 v. :</subfield><subfield code='b'>front. ;</subfield><subfield code='c'>19 cm.</subfield></datafield><datafield ind1='0' ind2=' ' tag='490'><subfield code='a'>Romances of Alexandre Dumas</subfield></datafield><datafield ind1=' ' ind2='0' tag='651'><subfield code='a'>France</subfield><subfield code='x'>History</subfield><subfield code='y'>Consulate and First Empire, 1799-1815</subfield><subfield code='v'>Fiction.</subfield></datafield><datafield ind1=' ' ind2='7' tag='648'><subfield code='a'>1799-1815</subfield><subfield code='2'>fast</subfield></datafield><datafield ind1=' ' ind2='2' tag='655'><subfield code='a'>Fictional Work</subfield></datafield><datafield ind1=' ' ind2='7' tag='655'><subfield code='a'>Fiction</subfield><subfield code='2'>fast</subfield><subfield code='0'>(OCoLC)fst01423787</subfield></datafield><datafield ind1=' ' ind2='7' tag='655'><subfield code='a'>History</subfield><subfield code='2'>fast</subfield><subfield code='0'>(OCoLC)fst01411628</subfield></datafield><datafield ind1=' ' ind2='7' tag='655'><subfield code='a'>Fiction</subfield><subfield code='2'>lcgft</subfield></datafield><datafield ind1=' ' ind2='7' tag='655'><subfield code='a'>Romans.</subfield><subfield code='2'>rvmgf</subfield></datafield><datafield ind1='0' ind2='8' tag='776'><subfield code='i'>Online version:</subfield><subfield code='a'>Dumas, Alexandre, 1802-1870.</subfield><subfield code='t'>Count of Monte Cristo.</subfield><subfield code='b'>Handy library ed.</subfield><subfield code='d'>Boston : Little, Brown &amp; Co., 1894</subfield><subfield code='w'>(OCoLC)894226056</subfield></datafield><datafield ind1='1' ind2=' ' tag='583'><subfield code='a'>committed to retain</subfield><subfield code='c'>20181001</subfield><subfield code='d'>in perpetuity</subfield><subfield code='f'>ReCAP Shared Collection</subfield><subfield code='5'>HUL</subfield><subfield code='8'>221808993020003941</subfield></datafield><datafield ind1=' ' ind2='0' tag='966'><subfield code='8'>0</subfield><subfield code='a'>3 v.</subfield><subfield code='8'>221808993020003941</subfield></datafield><datafield ind1='7' ind2=' ' tag='852'><subfield code='2'>ZHCL</subfield><subfield code='c'>HD</subfield><subfield code='h'>41538.16.5</subfield><subfield code='z'>Consult Circ. desk for v.1=HWJZEZ, v.2=HWJZFP, v.3=HWJZBN</subfield><subfield code='0'>11621087</subfield><subfield code='b'>scsbhl</subfield></datafield><datafield ind1=' ' ind2=' ' tag='876'><subfield code='0'>11621087</subfield><subfield code='3'>v.2</subfield><subfield code='a'>17366664</subfield><subfield code='h'> </subfield><subfield code='j'>Available</subfield><subfield code='k'>WID</subfield><subfield code='p'>HWJZFP</subfield><subfield code='x'>Shared</subfield><subfield code='z'>HW</subfield><subfield code='l'>HD</subfield></datafield><datafield ind1=' ' ind2=' ' tag='876'><subfield code='0'>11621087</subfield><subfield code='3'>v.1</subfield><subfield code='a'>17366665</subfield><subfield code='h'> </subfield><subfield code='j'>Available</subfield><subfield code='k'>WID</subfield><subfield code='p'>HWJZEZ</subfield><subfield code='x'>Shared</subfield><subfield code='z'>HW</subfield><subfield code='l'>HD</subfield></datafield></record>