
<record><leader>00000cam  2200265Ia 4500</leader><controlfield tag='001'>SCSB-6068988</controlfield><controlfield tag='003'>OCoLC</controlfield><controlfield tag='005'>20020121092056.6</controlfield><controlfield tag='008'>810701t19071901nyua          000 1 eng dcamIa </controlfield><controlfield tag='009'>.b153216803</controlfield><datafield ind1='1' ind2=' ' tag='100'><subfield code='a'>Dumas, Alexandre,</subfield><subfield code='d'>1802-1870.</subfield></datafield><datafield ind1='1' ind2=' ' tag='700'><subfield code='a'>McSpadden, J. Walker</subfield><subfield code='q'>(Joseph Walker),</subfield><subfield code='d'>1874-1960.</subfield></datafield><datafield ind1=' ' ind2=' ' tag='500'><subfield code='a'>Introductions by Adolphe Cohn and J. Walker McSpadden.</subfield></datafield><datafield ind1=' ' ind2=' ' tag='260'><subfield code='a'>New York :</subfield><subfield code='b'>Century Co.,</subfield><subfield code='c'>1907, c1901.</subfield></datafield><datafield ind1=' ' ind2=' ' tag='300'><subfield code='a'>2 v. :</subfield><subfield code='b'>ill. ; 21 cm.</subfield></datafield><datafield ind1='1' ind2=' ' tag='490'><subfield code='a'>The works of Alexandre Dumas ;</subfield><subfield code='v'>v. 1-2</subfield></datafield><datafield ind1='1' ind2=' ' tag='800'><subfield code='a'>Dumas, Alexandre,</subfield><subfield code='d'>1802-1870.</subfield><subfield code='t'>Works.</subfield><subfield code='f'>1907.</subfield></datafield><datafield ind1='1' ind2='4' tag='245'><subfield code='a'>The Count of Monte Cristo /</subfield><subfield code='c'>Alexandre Dumas.</subfield></datafield><datafield ind1='1' ind2='0' tag='240'><subfield code='a'>Comte de Monte-Cristo.</subfield><subfield code='l'>English</subfield></datafield><datafield ind1=' ' ind2=' ' tag='040'><subfield code='a'>PLF</subfield><subfield code='c'>PLF</subfield><subfield code='d'>VYF</subfield><subfield code='d'>YYP</subfield><subfield code='d'>NYP</subfield><subfield code='d'>WaOLN</subfield></datafield><datafield ind1=' ' ind2=' ' tag='049'><subfield code='a'>NYPG</subfield></datafield><datafield ind1=' ' ind2=' ' tag='946'><subfield code='a'>r</subfield></datafield><datafield ind1=' ' ind2=' ' tag='997'><subfield code='a'>hg</subfield><subfield code='b'>01-22-02</subfield><subfield code='c'>m</subfield><subfield code='d'>a</subfield><subfield code='e'>-</subfield><subfield code='f'>eng</subfield><subfield code='g'>nyu</subfield><subfield code='h'>4</subfield></datafield><datafield ind1=' ' ind2=' ' tag='910'><subfield code='a'>RL</subfield></datafield><datafield ind1='0' ind2='0' tag='907'><subfield code='a'>.b153216803</subfield></datafield><datafield ind1=' ' ind2=' ' tag='035'><subfield code='a'>(OCoLC)7545829</subfield></datafield><datafield ind1='8' ind2=' ' tag='852'><subfield code='h'>k-10 7606 v. 1</subfield><subfield code='0'>6088412</subfield><subfield code='b'>scsbnypl</subfield></datafield><datafield ind1=' ' ind2=' ' tag='866'><subfield code='a'>v. 1</subfield><subfield code='0'>6088412</subfield></datafield><datafield ind1=' ' ind2=' ' tag='876'><subfield code='0'>6088412</subfield><subfield code='3'>v. 1</subfield><subfield code='a'>10011405</subfield><subfield code='j'>Available</subfield><subfield code='p'>33433061672105</subfield><subfield code='t'>1</subfield><subfield code='x'>Shared</subfield><subfield code='z'>NA</subfield><subfield code='l'>RECAP</subfield></datafield></record>