
<record><leader>00000nam  2200313Ii 4500</leader><controlfield tag='001'>SCSB-7753334</controlfield><controlfield tag='003'>OCoLC</controlfield><controlfield tag='005'>20000629190431.0</controlfield><controlfield tag='008'>771230s1894    xx            000 1 eng dnamIi </controlfield><controlfield tag='009'>.b132364840</controlfield><datafield ind1='1' ind2=' ' tag='100'><subfield code='a'>Dumas, Alexandre,</subfield><subfield code='d'>1802-1870.</subfield></datafield><datafield ind1='1' ind2=' ' tag='700'><subfield code='a'>Maquet, Auguste,</subfield><subfield code='d'>1813-1888.</subfield></datafield><datafield ind1='1' ind2=' ' tag='700'><subfield code='a'>Fiorentino, Pier Angelo,</subfield><subfield code='d'>1811-1864.</subfield></datafield><datafield ind1=' ' ind2='0' tag='650'><subfield code='a'>French fiction.</subfield></datafield><datafield ind1=' ' ind2=' ' tag='500'><subfield code='a'>Translation of &quot;Le comte de Monte Cristo.&quot;</subfield></datafield><datafield ind1=' ' ind2=' ' tag='500'><subfield code='a'>Written in collaboration with Auguste Maquet and possibly P. A. Fiorentino.</subfield></datafield><datafield ind1=' ' ind2=' ' tag='500'><subfield code='a'>This edition is limited to one thousand copies [of which this is] no. 249</subfield></datafield><datafield ind1=' ' ind2=' ' tag='260'><subfield code='a'>New York :</subfield><subfield code='b'>Richmond, Croscup,</subfield><subfield code='c'>1894.</subfield></datafield><datafield ind1=' ' ind2=' ' tag='300'><subfield code='a'>4 v. :</subfield><subfield code='b'>ill. ;</subfield><subfield code='c'>21 cm.</subfield></datafield><datafield ind1='0' ind2=' ' tag='490'><subfield code='a'>The romances of Alexandre Dumas. Illustrated library ed. ;</subfield><subfield code='v'>v. 43-46</subfield></datafield><datafield ind1='1' ind2='4' tag='245'><subfield code='a'>The Count of Monte Cristo /</subfield><subfield code='c'>by Alexandre Dumas.</subfield></datafield><datafield ind1=' ' ind2=' ' tag='040'><subfield code='a'>NJM</subfield><subfield code='c'>NJM</subfield><subfield code='d'>NYP</subfield><subfield code='d'>WaOLN</subfield></datafield><datafield ind1='1' ind2=' ' tag='041'><subfield code='a'>eng</subfield><subfield code='h'>fre</subfield></datafield><datafield ind1=' ' ind2=' ' tag='049'><subfield code='a'>NYPG</subfield></datafield><datafield ind1=' ' ind2=' ' tag='946'><subfield code='a'>r</subfield></datafield><datafield ind1=' ' ind2=' ' tag='997'><subfield code='a'>hg</subfield><subfield code='b'>11-16-00</subfield><subfield code='c'>m</subfield><subfield code='d'>a</subfield><subfield code='e'>-</subfield><subfield code='f'>eng</subfield><subfield code='g'>xx</subfield><subfield code='h'>4</subfield></datafield><datafield ind1=' ' ind2=' ' tag='910'><subfield code='a'>RL</subfield></datafield><datafield ind1='0' ind2='0' tag='907'><subfield code='a'>.b132364840</subfield></datafield><datafield ind1=' ' ind2=' ' tag='035'><subfield code='a'>(OCoLC)3524725</subfield></datafield><datafield ind1='8' ind2=' ' tag='852'><subfield code='h'>NKV (Dumas, A. Count of Monte Cristo. 1894) v. 2 (1894)</subfield><subfield code='0'>7889277</subfield><subfield code='b'>scsbnypl</subfield></datafield><datafield ind1=' ' ind2=' ' tag='866'><subfield code='a'>v. 2 (1894)</subfield><subfield code='0'>7889277</subfield></datafield><datafield ind1=' ' ind2=' ' tag='876'><subfield code='0'>7889277</subfield><subfield code='3'>v. 2 (1894)</subfield><subfield code='a'>12947929</subfield><subfield code='h'>In Library Use</subfield><subfield code='j'>Available</subfield><subfield code='p'>33433101662009</subfield><subfield code='t'>1</subfield><subfield code='x'>Shared</subfield><subfield code='z'>NA</subfield><subfield code='l'>RECAP</subfield></datafield></record>