
<record><leader>01611cam a2200337I  4500</leader><controlfield tag='001'>SCSB-4935163</controlfield><controlfield tag='003'>NNC</controlfield><controlfield tag='005'>20221103013301.0</controlfield><controlfield tag='008'>740412s1969    ch            000 0 eng d</controlfield><controlfield tag='009'>4652581</controlfield><datafield ind1=' ' ind2=' ' tag='035'><subfield code='a'>(OCoLC)ocm00855797</subfield></datafield><datafield ind1=' ' ind2=' ' tag='035'><subfield code='9'>EISI333725</subfield></datafield><datafield ind1=' ' ind2=' ' tag='035'><subfield code='a'>(NNC)4652581</subfield></datafield><datafield ind1=' ' ind2=' ' tag='035'><subfield code='a'>4652581</subfield></datafield><datafield ind1=' ' ind2=' ' tag='040'><subfield code='a'>WOO</subfield><subfield code='c'>WOO</subfield><subfield code='d'>OCL</subfield></datafield><datafield ind1=' ' ind2=' ' tag='043'><subfield code='a'>a-cc---</subfield></datafield><datafield ind1=' ' ind2=' ' tag='098'><subfield code='a'>OJ30</subfield><subfield code='b'>D273</subfield></datafield><datafield ind1='1' ind2=' ' tag='100'><subfield code='a'>Day, Clarence Burton.</subfield><subfield code='0'>http://id.loc.gov/authorities/names/n50035208</subfield></datafield><datafield ind1='1' ind2='0' tag='245'><subfield code='a'>Chinese peasant cults ;</subfield><subfield code='b'>being a study of Chinese paper gods /</subfield><subfield code='c'>by Clarence Burton Day. Foreword by Professor Clifford H. Plopper.</subfield></datafield><datafield ind1=' ' ind2=' ' tag='250'><subfield code='a'>2d ed.</subfield></datafield><datafield ind1=' ' ind2=' ' tag='260'><subfield code='a'>Taipei :</subfield><subfield code='b'>Ch&apos;eng Wen Pub. Co.,</subfield><subfield code='c'>1969.</subfield></datafield><datafield ind1=' ' ind2=' ' tag='300'><subfield code='a'>xx, 243 pages :</subfield><subfield code='b'>color frontispiece, plates (part color) ;</subfield><subfield code='c'>23 cm</subfield></datafield><datafield ind1=' ' ind2=' ' tag='336'><subfield code='a'>text</subfield><subfield code='b'>txt</subfield><subfield code='2'>rdacontent</subfield></datafield><datafield ind1=' ' ind2=' ' tag='337'><subfield code='a'>unmediated</subfield><subfield code='b'>n</subfield><subfield code='2'>rdamedia</subfield></datafield><datafield ind1=' ' ind2=' ' tag='500'><subfield code='a'>&quot;Most of the material collated here has been presented previously either in the form of magazine articles or in the form of dissertations in various educational institutions in the United States...The main body of it formed a thesis presented to the faculty of the Hartford seminary foundation, Hartford, Connecticut...for the doctor&apos;s degree.&quot;--Pref.</subfield></datafield><datafield ind1=' ' ind2='0' tag='651'><subfield code='a'>China</subfield><subfield code='x'>Religion.</subfield><subfield code='0'>http://id.loc.gov/authorities/subjects/sh85024177</subfield></datafield><datafield ind1=' ' ind2='0' tag='650'><subfield code='a'>Gods.</subfield><subfield code='0'>http://id.loc.gov/authorities/subjects/sh85055608</subfield></datafield><datafield ind1=' ' ind2='0' tag='650'><subfield code='a'>Paper in art.</subfield></datafield><datafield ind1=' ' ind2='0' tag='650'><subfield code='a'>Rites and ceremonies</subfield><subfield code='z'>China.</subfield><subfield code='0'>http://id.loc.gov/authorities/subjects/sh2008110814</subfield></datafield><datafield ind1=' ' ind2='0' tag='650'><subfield code='a'>Peasants</subfield><subfield code='z'>China.</subfield><subfield code='0'>http://id.loc.gov/authorities/subjects/sh2008109006</subfield></datafield><datafield ind1='0' ind2=' ' tag='740'><subfield code='a'>Chinese paper gods.</subfield></datafield><datafield ind1='8' ind2='0' tag='852'><subfield code='h'>OJ30 D273</subfield><subfield code='0'>4947291</subfield><subfield code='b'>scsbcul</subfield></datafield><datafield ind1=' ' ind2=' ' tag='876'><subfield code='0'>4947291</subfield><subfield code='a'>7455696</subfield><subfield code='h'> </subfield><subfield code='j'>Available</subfield><subfield code='p'>CU62259610</subfield><subfield code='t'>1</subfield><subfield code='x'>Shared</subfield><subfield code='z'>CU</subfield><subfield code='l'>RECAP</subfield></datafield></record>