
<record><leader>00000cam a2200397Ii 4500</leader><controlfield tag='001'>SCSB-11627971</controlfield><controlfield tag='005'>20130807105048.0</controlfield><controlfield tag='008'>130219s2013    ilua     b    001 0 eng d</controlfield><controlfield tag='009'>990137514640203941</controlfield><datafield ind1=' ' ind2=' ' tag='020'><subfield code='a'>9781555709426 (paper)</subfield></datafield><datafield ind1=' ' ind2=' ' tag='020'><subfield code='a'>1555709427 (paper)</subfield></datafield><datafield ind1=' ' ind2=' ' tag='035'><subfield code='a'>(OCoLC)828076543</subfield><subfield code='z'>(OCoLC)828888868</subfield></datafield><datafield ind1=' ' ind2=' ' tag='040'><subfield code='a'>YDXCP</subfield><subfield code='b'>eng</subfield><subfield code='e'>rda</subfield><subfield code='c'>YDXCP</subfield><subfield code='d'>ILU</subfield><subfield code='d'>OSO</subfield><subfield code='d'>ISL</subfield><subfield code='d'>OCLCQ</subfield><subfield code='d'>IQU</subfield><subfield code='d'>BWX</subfield><subfield code='d'>OCLCQ</subfield><subfield code='d'>BDX</subfield><subfield code='d'>CDX</subfield></datafield><datafield ind1=' ' ind2='4' tag='050'><subfield code='a'>Z701.3.C65</subfield><subfield code='b'>B768 2013</subfield></datafield><datafield ind1='1' ind2=' ' tag='100'><subfield code='a'>Brown, Adrian,</subfield><subfield code='d'>1969-</subfield><subfield code='e'>author.</subfield></datafield><datafield ind1='1' ind2='0' tag='245'><subfield code='a'>Practical digital preservation :</subfield><subfield code='b'>a how-to guide for organizations of any size /</subfield><subfield code='c'>Adrian Brown.</subfield></datafield><datafield ind1=' ' ind2=' ' tag='260'><subfield code='a'>Chicago :</subfield><subfield code='b'>Neal-Schuman, an imprint of the American Library Association,</subfield><subfield code='c'>2013.</subfield></datafield><datafield ind1=' ' ind2=' ' tag='300'><subfield code='a'>xvi, 336 pages :</subfield><subfield code='b'>illustrations ;</subfield><subfield code='c'>23 cm</subfield></datafield><datafield ind1=' ' ind2=' ' tag='336'><subfield code='a'>text</subfield><subfield code='b'>txt</subfield><subfield code='2'>rdacontent</subfield></datafield><datafield ind1=' ' ind2=' ' tag='337'><subfield code='a'>unmediated</subfield><subfield code='b'>n</subfield><subfield code='2'>rdamedia</subfield></datafield><datafield ind1=' ' ind2=' ' tag='338'><subfield code='a'>volume</subfield><subfield code='b'>nc</subfield><subfield code='2'>rdacarrier</subfield></datafield><datafield ind1=' ' ind2=' ' tag='504'><subfield code='a'>Includes bibliographical references and index.</subfield></datafield><datafield ind1='0' ind2=' ' tag='505'><subfield code='a'>Introduction -- Making the case for digital preservation -- Understanding your requirements -- Models for implementing a digital preservation service -- Selecting and acquiring digital objects -- Accessioning and ingesting digital objects -- Describing digital objects -- Preserving digital objects -- Providing access to users -- Future trends -- Appendices: Creating a digital asset register ; Digital preservation maturity model ; Systems, tools and services.</subfield></datafield><datafield ind1=' ' ind2=' ' tag='520'><subfield code='a'>&quot;This very practical guide, offering a comprehensive overview of best practice, is aimed at the non-specialist, assuming only a basic understanding of IT and offering guidance as to how to implement strategies with minimal time and resources. Digital preservation has become a critical issue for institutions of all sizes but until recently has mostly been the preserve of national archives and libraries with the resources, time and specialist knowledge available to experiment. As the discipline matures and practical tools and information are increasingly available the barriers to entry are falling for smaller organizations which can realistically start to take active steps towards a preservation strategy. However, the sheer volume of technical information now available on the subject is becoming a significant obstacle and a straightforward guide is required to offer clear and practical solutions. Each chapter covers the essential building blocks of digital preservation strategy and implementation, leading the reader through the process. International case studies from organizations such as the Wellcome Library, Central Connecticut State University Library in the USA and Gloucestershire Archives in the UK illustrate how real organizations have approached the challenges of digital preservation.&quot;--Publisher description.</subfield></datafield><datafield ind1=' ' ind2='0' tag='650'><subfield code='a'>Digital preservation</subfield></datafield><datafield ind1=' ' ind2='0' tag='650'><subfield code='a'>Electronic information resources</subfield><subfield code='x'>Conservation and restoration.</subfield></datafield><datafield ind1=' ' ind2='0' tag='650'><subfield code='a'>Preservation of materials</subfield></datafield><datafield ind1=' ' ind2='0' tag='650'><subfield code='a'>Information storage and retrieval systems</subfield></datafield><datafield ind1=' ' ind2='7' tag='655'><subfield code='a'>handbooks.</subfield><subfield code='2'>aat</subfield></datafield><datafield ind1=' ' ind2='7' tag='655'><subfield code='a'>manuals (instructional materials)</subfield><subfield code='2'>aat</subfield></datafield><datafield ind1=' ' ind2='7' tag='655'><subfield code='a'>Handbooks and manuals</subfield><subfield code='2'>fast</subfield><subfield code='0'>(OCoLC)fst01423877</subfield></datafield><datafield ind1=' ' ind2='7' tag='655'><subfield code='a'>Handbooks and manuals</subfield><subfield code='2'>lcgft</subfield></datafield><datafield ind1=' ' ind2='7' tag='655'><subfield code='a'>Guides et manuels.</subfield><subfield code='2'>rvmgf</subfield></datafield><datafield ind1='1' ind2=' ' tag='583'><subfield code='a'>committed to retain</subfield><subfield code='c'>20181001</subfield><subfield code='d'>in perpetuity</subfield><subfield code='f'>ReCAP Shared Collection</subfield><subfield code='5'>HUL</subfield><subfield code='8'>222157146790003941</subfield></datafield><datafield ind1='0' ind2=' ' tag='852'><subfield code='c'>HD</subfield><subfield code='h'>Z701.3.C65</subfield><subfield code='i'>B768 2013</subfield><subfield code='0'>12442471</subfield><subfield code='b'>scsbhl</subfield></datafield><datafield ind1=' ' ind2=' ' tag='876'><subfield code='0'>12442471</subfield><subfield code='a'>18219433</subfield><subfield code='h'> </subfield><subfield code='j'>Available</subfield><subfield code='k'>WID</subfield><subfield code='p'>32044131104457</subfield><subfield code='x'>Shared</subfield><subfield code='z'>HW</subfield><subfield code='l'>HD</subfield></datafield></record>