
<record><leader>01045nam a2200289I  4500</leader><controlfield tag='001'>SCSB-7367304</controlfield><controlfield tag='003'>OCoLC</controlfield><controlfield tag='005'>19990226112512.1</controlfield><controlfield tag='008'>860915s1966    bg a         f000 0 eng  </controlfield><controlfield tag='009'>.b135900992</controlfield><datafield ind1=' ' ind2=' ' tag='010'><subfield code='a'>sa 66006570</subfield></datafield><datafield ind1=' ' ind2=' ' tag='025'><subfield code='a'>PL480:Ep-E-316</subfield></datafield><datafield ind1=' ' ind2=' ' tag='040'><subfield code='a'>DLC</subfield><subfield code='c'>WAU</subfield><subfield code='d'>WAU</subfield><subfield code='d'>NYP</subfield><subfield code='d'>WaOLN</subfield></datafield><datafield ind1=' ' ind2=' ' tag='043'><subfield code='a'>a-bg---</subfield></datafield><datafield ind1=' ' ind2=' ' tag='049'><subfield code='a'>NYPE</subfield></datafield><datafield ind1='0' ind2='0' tag='050'><subfield code='a'>HC440.5.Z7</subfield><subfield code='b'>E2</subfield></datafield><datafield ind1='0' ind2='0' tag='082'><subfield code='a'>330.95492</subfield></datafield><datafield ind1='1' ind2=' ' tag='110'><subfield code='a'>East Pakistan (Pakistan).</subfield><subfield code='b'>Bureau of Statistics.</subfield></datafield><datafield ind1='1' ind2='0' tag='245'><subfield code='a'>Handbook of economic indicators of East Pakistan, 1965.</subfield></datafield><datafield ind1=' ' ind2=' ' tag='260'><subfield code='a'>Dacca</subfield><subfield code='c'>[1966]</subfield></datafield><datafield ind1=' ' ind2=' ' tag='300'><subfield code='a'>iii, 183, vi p.</subfield><subfield code='b'>illus.</subfield><subfield code='c'>25 cm.</subfield></datafield><datafield ind1=' ' ind2=' ' tag='500'><subfield code='a'>Cover title.</subfield></datafield><datafield ind1=' ' ind2='0' tag='651'><subfield code='a'>Bangladesh</subfield><subfield code='x'>Economic conditions.</subfield></datafield><datafield ind1=' ' ind2=' ' tag='907'><subfield code='a'>.b135900992</subfield><subfield code='c'>m</subfield><subfield code='d'>a</subfield><subfield code='e'>-</subfield><subfield code='f'>eng</subfield><subfield code='g'>bg</subfield><subfield code='h'>0</subfield><subfield code='i'>1</subfield></datafield><datafield ind1=' ' ind2=' ' tag='035'><subfield code='a'>(OCoLC)14218275</subfield></datafield><datafield ind1='8' ind2=' ' tag='852'><subfield code='h'>TAH (East Pakistan. Statistics, bureau of. Handbook of economic indicators of East Pakistan)</subfield><subfield code='0'>7465127</subfield><subfield code='b'>scsbnypl</subfield></datafield><datafield ind1=' ' ind2=' ' tag='876'><subfield code='0'>7465127</subfield><subfield code='a'>12212863</subfield><subfield code='j'>Available</subfield><subfield code='p'>33433007488798</subfield><subfield code='t'>1</subfield><subfield code='x'>Shared</subfield><subfield code='z'>NA</subfield><subfield code='l'>RECAP</subfield></datafield></record>