
<record><leader>01304cam a2200325 i 4500</leader><controlfield tag='001'>SCSB-3526192</controlfield><controlfield tag='003'>NNC</controlfield><controlfield tag='005'>20220615191810.0</controlfield><controlfield tag='008'>770830s1976    miu      s    000 0 eng  </controlfield><controlfield tag='009'>2041258</controlfield><datafield ind1=' ' ind2=' ' tag='010'><subfield code='a'>   77368632 </subfield></datafield><datafield ind1=' ' ind2=' ' tag='020'><subfield code='a'>0891381236</subfield></datafield><datafield ind1=' ' ind2=' ' tag='035'><subfield code='a'>(OCoLC)ocm03293121</subfield></datafield><datafield ind1=' ' ind2=' ' tag='035'><subfield code='9'>AMS0209CU</subfield></datafield><datafield ind1=' ' ind2=' ' tag='035'><subfield code='a'>(NNC)2041258</subfield></datafield><datafield ind1=' ' ind2=' ' tag='035'><subfield code='a'>2041258</subfield></datafield><datafield ind1=' ' ind2=' ' tag='040'><subfield code='a'>DLC</subfield><subfield code='c'>DLC</subfield><subfield code='d'>ZCU</subfield></datafield><datafield ind1='0' ind2='0' tag='050'><subfield code='a'>HN15</subfield><subfield code='b'>.T37 1976</subfield></datafield><datafield ind1='0' ind2=' ' tag='082'><subfield code='a'>301/.01/8</subfield></datafield><datafield ind1='1' ind2=' ' tag='100'><subfield code='a'>Taylor, Charles Lewis.</subfield><subfield code='0'>http://id.loc.gov/authorities/names/n80020693</subfield></datafield><datafield ind1='1' ind2='0' tag='245'><subfield code='a'>World handbook of political and social indicators II :</subfield><subfield code='b'>sections II-V, annual event data, daily event data, intervention data, raw data /</subfield><subfield code='c'>[collected under the direction of Charles Lewis Taylor and Michael C. Hudson.].</subfield></datafield><datafield ind1=' ' ind2=' ' tag='250'><subfield code='a'>2d ICPSR ed.</subfield></datafield><datafield ind1=' ' ind2=' ' tag='260'><subfield code='a'>Ann Arbor, Mich. :</subfield><subfield code='b'>Inter-university Consortium for Political and Social Research,</subfield><subfield code='c'>1976.</subfield></datafield><datafield ind1=' ' ind2=' ' tag='300'><subfield code='a'>iv, 103 pages ;</subfield><subfield code='c'>23 cm</subfield></datafield><datafield ind1=' ' ind2=' ' tag='336'><subfield code='a'>text</subfield><subfield code='b'>txt</subfield><subfield code='2'>rdacontent</subfield></datafield><datafield ind1=' ' ind2=' ' tag='337'><subfield code='a'>unmediated</subfield><subfield code='b'>n</subfield><subfield code='2'>rdamedia</subfield></datafield><datafield ind1=' ' ind2='0' tag='650'><subfield code='a'>Social history</subfield><subfield code='y'>20th century</subfield><subfield code='v'>Statistics.</subfield></datafield><datafield ind1=' ' ind2='0' tag='650'><subfield code='a'>Social indicators.</subfield><subfield code='0'>http://id.loc.gov/authorities/subjects/sh85123962</subfield></datafield><datafield ind1='1' ind2=' ' tag='700'><subfield code='a'>Hudson, Michael C.,</subfield><subfield code='e'>author.</subfield><subfield code='4'>http://id.loc.gov/vocabulary/relators/aut</subfield><subfield code='0'>http://id.loc.gov/authorities/names/n79043953</subfield></datafield><datafield ind1='0' ind2='0' tag='852'><subfield code='h'>HN15 .T37 1976</subfield><subfield code='0'>3528905</subfield><subfield code='b'>scsbcul</subfield></datafield><datafield ind1=' ' ind2=' ' tag='876'><subfield code='0'>3528905</subfield><subfield code='a'>5270737</subfield><subfield code='h'> </subfield><subfield code='j'>Available</subfield><subfield code='p'>CU57817243</subfield><subfield code='t'>1</subfield><subfield code='x'>Shared</subfield><subfield code='z'>CU</subfield><subfield code='l'>RECAP</subfield></datafield></record>