
<record><leader>01931nam a22004571  4500</leader><controlfield tag='001'>SCSB-11938850</controlfield><controlfield tag='005'>20240613132841.0</controlfield><controlfield tag='008'>861125s1922    enkahi        000 0beng c</controlfield><controlfield tag='009'>990036572690203941</controlfield><datafield ind1=' ' ind2=' ' tag='010'><subfield code='a'>^^^22024825^//r862</subfield></datafield><datafield ind1=' ' ind2=' ' tag='035'><subfield code='a'>(OCoLC)1247789</subfield><subfield code='z'>(OCoLC)1167054053</subfield></datafield><datafield ind1=' ' ind2=' ' tag='040'><subfield code='a'>DLC/ICU</subfield><subfield code='c'>CGU</subfield><subfield code='d'>m/c</subfield><subfield code='d'>HLS</subfield></datafield><datafield ind1=' ' ind2=' ' tag='043'><subfield code='a'>e-uk-st</subfield></datafield><datafield ind1='0' ind2=' ' tag='050'><subfield code='a'>QA29.S69</subfield><subfield code='b'>A3</subfield></datafield><datafield ind1='1' ind2=' ' tag='100'><subfield code='a'>Stirling, James,</subfield><subfield code='d'>1692-1770</subfield></datafield><datafield ind1='1' ind2='0' tag='245'><subfield code='a'>James Stirling :</subfield><subfield code='b'>a sketch of his life and works along with his scientific correspondence,</subfield><subfield code='c'>by Charles Tweedie ...</subfield></datafield><datafield ind1=' ' ind2=' ' tag='260'><subfield code='a'>Oxford :</subfield><subfield code='b'>The Clarendon press,</subfield><subfield code='c'>1922.</subfield></datafield><datafield ind1=' ' ind2=' ' tag='300'><subfield code='a'>x, [2], 213, [1] p.</subfield><subfield code='b'>illus. (coat of arms) 2 fold. facsim. (incl. front.) diagrs.</subfield><subfield code='c'>24 cm.</subfield></datafield><datafield ind1=' ' ind2=' ' tag='500'><subfield code='a'>Without thesis note.</subfield></datafield><datafield ind1=' ' ind2=' ' tag='502'><subfield code='a'>Thesis (PH. D.)--University of Minnesota, 1929.</subfield></datafield><datafield ind1='1' ind2='0' tag='600'><subfield code='a'>Stirling, James,</subfield><subfield code='d'>1692-1770</subfield></datafield><datafield ind1='1' ind2='0' tag='600'><subfield code='a'>Stirling, James,</subfield><subfield code='d'>1692-1770</subfield><subfield code='v'>Correspondence.</subfield></datafield><datafield ind1='1' ind2='4' tag='600'><subfield code='a'>Stirling, James,</subfield><subfield code='d'>1692-1770.</subfield></datafield><datafield ind1='1' ind2='4' tag='600'><subfield code='a'>Stirling, James,</subfield><subfield code='d'>1692-1770</subfield><subfield code='v'>Correspondence.</subfield></datafield><datafield ind1='1' ind2='7' tag='600'><subfield code='a'>Stirling, James,</subfield><subfield code='d'>1692-1770</subfield><subfield code='2'>fast</subfield><subfield code='0'>(OCoLC)fst00187319</subfield></datafield><datafield ind1=' ' ind2='0' tag='650'><subfield code='a'>Mathematicians</subfield><subfield code='z'>Scotland</subfield><subfield code='v'>Correspondence.</subfield></datafield><datafield ind1=' ' ind2='0' tag='650'><subfield code='a'>Mathematicians</subfield><subfield code='z'>Scotland</subfield><subfield code='v'>Biography.</subfield></datafield><datafield ind1=' ' ind2='7' tag='655'><subfield code='a'>Personal correspondence</subfield><subfield code='2'>fast</subfield><subfield code='0'>(OCoLC)fst01919948</subfield></datafield><datafield ind1=' ' ind2='7' tag='655'><subfield code='a'>Biographies</subfield><subfield code='2'>fast</subfield><subfield code='0'>(OCoLC)fst01919896</subfield></datafield><datafield ind1=' ' ind2='7' tag='655'><subfield code='a'>Academic theses</subfield><subfield code='2'>fast</subfield><subfield code='0'>(OCoLC)fst01726453</subfield></datafield><datafield ind1=' ' ind2='7' tag='655'><subfield code='a'>Academic theses</subfield><subfield code='2'>lcgft</subfield></datafield><datafield ind1='1' ind2=' ' tag='700'><subfield code='a'>Tweedie, Charles</subfield></datafield><datafield ind1='0' ind2='8' tag='776'><subfield code='i'>Online version:</subfield><subfield code='a'>Stirling, James, 1692-1770.</subfield><subfield code='t'>James Stirling.</subfield><subfield code='d'>Oxford, Clarendon Press, 1922</subfield><subfield code='w'>(OCoLC)654794017</subfield></datafield><datafield ind1='1' ind2=' ' tag='583'><subfield code='a'>committed to retain</subfield><subfield code='c'>20181001</subfield><subfield code='d'>in perpetuity</subfield><subfield code='f'>ReCAP Shared Collection</subfield><subfield code='5'>HUL</subfield><subfield code='8'>221889066350003941</subfield></datafield><datafield ind1='7' ind2=' ' tag='852'><subfield code='2'>ZHCL</subfield><subfield code='c'>HD</subfield><subfield code='h'>Math 143.8</subfield><subfield code='0'>12762456</subfield><subfield code='b'>scsbhl</subfield></datafield><datafield ind1=' ' ind2=' ' tag='876'><subfield code='0'>12762456</subfield><subfield code='a'>18552010</subfield><subfield code='h'> </subfield><subfield code='j'>Available</subfield><subfield code='k'>WID</subfield><subfield code='p'>32044098924400</subfield><subfield code='x'>Shared</subfield><subfield code='z'>HW</subfield><subfield code='l'>HD</subfield></datafield></record>