
<record><leader>00000cam a22002658a 4500</leader><controlfield tag='001'>SCSB-11906402</controlfield><controlfield tag='005'>20110311192550.0</controlfield><controlfield tag='008'>100415s2010    ctu      b    001 0 eng  </controlfield><controlfield tag='009'>990126800660203941</controlfield><datafield ind1=' ' ind2=' ' tag='010'><subfield code='a'>^^2010016222</subfield></datafield><datafield ind1=' ' ind2=' ' tag='020'><subfield code='a'>9780300167238 (alk. paper)</subfield></datafield><datafield ind1=' ' ind2=' ' tag='035'><subfield code='a'>(OCoLC)601346927</subfield><subfield code='z'>(OCoLC)702936514</subfield><subfield code='z'>(OCoLC)1008302439</subfield></datafield><datafield ind1=' ' ind2=' ' tag='040'><subfield code='a'>DLC</subfield><subfield code='c'>DLC</subfield><subfield code='d'>DLC</subfield></datafield><datafield ind1='0' ind2='0' tag='050'><subfield code='a'>NA997.S78</subfield><subfield code='b'>V53 2010</subfield></datafield><datafield ind1='0' ind2='0' tag='082'><subfield code='a'>720.92</subfield><subfield code='2'>22</subfield></datafield><datafield ind1='1' ind2=' ' tag='100'><subfield code='a'>Vidler, Anthony</subfield></datafield><datafield ind1='1' ind2='0' tag='245'><subfield code='a'>James Frazer Stirling :</subfield><subfield code='b'>notes from the archive /</subfield><subfield code='c'>Anthony Vidler.</subfield></datafield><datafield ind1='3' ind2='0' tag='246'><subfield code='a'>James Frazer Stirling</subfield></datafield><datafield ind1='3' ind2='0' tag='246'><subfield code='a'>Notes from the archive</subfield></datafield><datafield ind1=' ' ind2=' ' tag='260'><subfield code='a'>New Haven :</subfield><subfield code='b'>Yale Center for British Art :</subfield><subfield code='b'>In association with Yale University Press,</subfield><subfield code='c'>2010.</subfield></datafield><datafield ind1=' ' ind2=' ' tag='300'><subfield code='a'>303 p. :</subfield><subfield code='b'>ill. (some col.) ;</subfield><subfield code='c'>28 cm.</subfield></datafield><datafield ind1=' ' ind2=' ' tag='504'><subfield code='a'>Includes bibliographical references and index.</subfield></datafield><datafield ind1='0' ind2=' ' tag='505'><subfield code='a'>Entering the archive -- Stirling at school -- Contextualizing the archive -- Modernism redux, 1950-1954 -- The crisis of rationalism -- Typology redivivus -- New town revisionism -- Context and association -- Analyzing the archive -- Content into form.</subfield></datafield><datafield ind1=' ' ind2=' ' tag='520'><subfield code='a'>&quot;The British architect James Frazer Stirling (1924-1992) stimulated impassioned responses among both supporters and detractors, and he continues to be the subject of fierce debate. He earned international renown through such innovative--and frequently controversial--projects as the Leicester University Engineering Building (1959-63); the History Faculty building at Cambridge University (1964-67); the Neue Staatsgalerie, Stuttgart (1977-84); the Clore Gallery at Tate Britain (1984); and the Arthur M. Sackler Museum at Harvard University (1979-84). Stirling was also a visiting professor at the Yale School of Architecture, where he trained and influenced many of the current leaders in the field. Fully illustrated with previously unpublished documents and new photography from the James Stirling/Michael Wilford Archive at the Canadian Centre for Architecture, Montreal, this book allows for a close examination of design drawings, photographs, and models spanning Stirling&apos;s entire career. These materials deepen our understanding of the influences, early formation, approach, and process of an architect whose work resists labeling. Filled with in-depth analytical and critical presentations of exemplary projects and their reception, the volume reveals Stirling to be a remarkably informed and consistent thinker and writer on architecture.&quot;--Publisher&apos;s website.</subfield></datafield><datafield ind1='1' ind2='0' tag='600'><subfield code='a'>Stirling, James</subfield><subfield code='q'>(James Frazer)</subfield><subfield code='x'>Criticism and interpretation.</subfield></datafield><datafield ind1=' ' ind2='0' tag='650'><subfield code='a'>Modern movement (Architecture)</subfield></datafield><datafield ind1='2' ind2='0' tag='610'><subfield code='a'>James Stirling, Michael Wilford, and Associates</subfield><subfield code='v'>Archives.</subfield></datafield><datafield ind1=' ' ind2='7' tag='655'><subfield code='a'>Archives</subfield><subfield code='2'>fast</subfield><subfield code='0'>(OCoLC)fst01423700</subfield></datafield><datafield ind1=' ' ind2='7' tag='655'><subfield code='a'>Criticism, interpretation, etc.</subfield><subfield code='2'>fast</subfield><subfield code='0'>(OCoLC)fst01411635</subfield></datafield><datafield ind1='1' ind2=' ' tag='700'><subfield code='a'>Stirling, James</subfield><subfield code='q'>(James Frazer)</subfield></datafield><datafield ind1='1' ind2=' ' tag='583'><subfield code='a'>committed to retain</subfield><subfield code='c'>20181001</subfield><subfield code='d'>in perpetuity</subfield><subfield code='f'>ReCAP Shared Collection</subfield><subfield code='5'>HUL</subfield><subfield code='8'>222142161980003941</subfield></datafield><datafield ind1='0' ind2=' ' tag='852'><subfield code='c'>HD</subfield><subfield code='h'>NA997.S78</subfield><subfield code='i'>V53 2010</subfield><subfield code='0'>12728996</subfield><subfield code='b'>scsbhl</subfield></datafield><datafield ind1=' ' ind2=' ' tag='876'><subfield code='0'>12728996</subfield><subfield code='a'>18516956</subfield><subfield code='h'> </subfield><subfield code='j'>Available</subfield><subfield code='k'>WID</subfield><subfield code='p'>32044117023432</subfield><subfield code='x'>Shared</subfield><subfield code='z'>HW</subfield><subfield code='l'>HD</subfield></datafield></record>