
<record><leader>00599nam a2200205u  4500</leader><controlfield tag='001'>SCSB-10689948</controlfield><controlfield tag='005'>20020606093309.7</controlfield><controlfield tag='008'>930804s1961    ne            000 0 dut d</controlfield><controlfield tag='009'>990032913700203941</controlfield><datafield ind1=' ' ind2=' ' tag='035'><subfield code='a'>(OCoLC)40112236</subfield></datafield><datafield ind1=' ' ind2=' ' tag='040'><subfield code='a'>HLS</subfield><subfield code='c'>HLS</subfield></datafield><datafield ind1='1' ind2=' ' tag='100'><subfield code='a'>Haan, Hindrik de.</subfield></datafield><datafield ind1='1' ind2='0' tag='245'><subfield code='a'>Salomon Levy.</subfield></datafield><datafield ind1=' ' ind2=' ' tag='260'><subfield code='a'>Ljouwert,</subfield><subfield code='b'>Fryske Akademy,</subfield><subfield code='c'>1961.</subfield></datafield><datafield ind1=' ' ind2=' ' tag='300'><subfield code='a'>315 p.</subfield><subfield code='b'>illus.</subfield></datafield><datafield ind1='1' ind2=' ' tag='490'><subfield code='a'>[Fryske Akademy.</subfield><subfield code='v'>[Publ.] 188]. Wâldrige, 10</subfield></datafield><datafield ind1='1' ind2='0' tag='600'><subfield code='a'>Levy, Salomon,</subfield><subfield code='d'>1750-98.</subfield></datafield><datafield ind1=' ' ind2='0' tag='830'><subfield code='a'>Fryske Akademy (Series) ;</subfield><subfield code='v'>nr. 188</subfield></datafield><datafield ind1=' ' ind2='0' tag='830'><subfield code='a'>Waldrige ;</subfield><subfield code='v'>nr. 10.</subfield></datafield><datafield ind1='1' ind2=' ' tag='583'><subfield code='a'>committed to retain</subfield><subfield code='c'>20181001</subfield><subfield code='d'>in perpetuity</subfield><subfield code='f'>ReCAP Shared Collection</subfield><subfield code='5'>HUL</subfield><subfield code='8'>221881212780003941</subfield></datafield><datafield ind1='7' ind2=' ' tag='852'><subfield code='2'>ZHCL</subfield><subfield code='c'>HD</subfield><subfield code='h'>Neth 3981.5</subfield><subfield code='8'>221881212780003941</subfield><subfield code='0'>11476764</subfield><subfield code='b'>scsbhl</subfield></datafield><datafield ind1=' ' ind2=' ' tag='876'><subfield code='0'>11476764</subfield><subfield code='a'>17216106</subfield><subfield code='j'>Available</subfield><subfield code='k'>WID</subfield><subfield code='p'>HNNIVG</subfield><subfield code='x'>Shared</subfield><subfield code='z'>HW</subfield><subfield code='l'>HD</subfield></datafield></record>