
<record><leader>00767nam a22002775  4500</leader><controlfield tag='001'>SCSB-4297616</controlfield><controlfield tag='003'>NNC</controlfield><controlfield tag='005'>20221020040744.0</controlfield><controlfield tag='008'>990918s1951    ii            000 0 eng d</controlfield><controlfield tag='009'>3319569</controlfield><datafield ind1=' ' ind2=' ' tag='035'><subfield code='a'>(OCoLC)ocm42389363</subfield></datafield><datafield ind1=' ' ind2=' ' tag='035'><subfield code='9'>AUW5935CU</subfield></datafield><datafield ind1=' ' ind2=' ' tag='035'><subfield code='a'>(NNC)3319569</subfield></datafield><datafield ind1=' ' ind2=' ' tag='035'><subfield code='a'>3319569</subfield></datafield><datafield ind1=' ' ind2=' ' tag='040'><subfield code='a'>NYP</subfield><subfield code='c'>NYP</subfield><subfield code='d'>NNC</subfield></datafield><datafield ind1=' ' ind2=' ' tag='043'><subfield code='a'>a-ii---</subfield></datafield><datafield ind1='2' ind2=' ' tag='110'><subfield code='a'>Socialist Party (India)</subfield><subfield code='0'>http://id.loc.gov/authorities/names/n50075248</subfield></datafield><datafield ind1='1' ind2='0' tag='245'><subfield code='a'>Capital levy.</subfield></datafield><datafield ind1=' ' ind2=' ' tag='260'><subfield code='a'>[Bombay],</subfield><subfield code='c'>[1951]</subfield></datafield><datafield ind1=' ' ind2=' ' tag='300'><subfield code='a'>22 pages ;</subfield><subfield code='c'>19 cm.</subfield></datafield><datafield ind1=' ' ind2=' ' tag='336'><subfield code='a'>text</subfield><subfield code='b'>txt</subfield><subfield code='2'>rdacontent</subfield></datafield><datafield ind1=' ' ind2=' ' tag='337'><subfield code='a'>unmediated</subfield><subfield code='b'>n</subfield><subfield code='2'>rdamedia</subfield></datafield><datafield ind1='1' ind2=' ' tag='490'><subfield code='a'>Election literature series</subfield></datafield><datafield ind1=' ' ind2='4' tag='650'><subfield code='a'>Capital levy</subfield><subfield code='z'>India.</subfield></datafield><datafield ind1=' ' ind2='4' tag='651'><subfield code='a'>India</subfield><subfield code='x'>Economic history.</subfield></datafield><datafield ind1=' ' ind2='0' tag='830'><subfield code='a'>Election literature series.</subfield></datafield><datafield ind1='0' ind2='0' tag='852'><subfield code='h'>HJ4133.I5 S63 1951z</subfield><subfield code='0'>4311242</subfield><subfield code='b'>scsbcul</subfield></datafield><datafield ind1=' ' ind2=' ' tag='876'><subfield code='0'>4311242</subfield><subfield code='a'>6223249</subfield><subfield code='h'> </subfield><subfield code='j'>Available</subfield><subfield code='p'>CU68081405</subfield><subfield code='t'>1</subfield><subfield code='x'>Shared</subfield><subfield code='z'>CU</subfield><subfield code='l'>RECAP</subfield></datafield></record>