
<record><leader>00714cam a22002651  4500</leader><controlfield tag='001'>SCSB-2521698</controlfield><controlfield tag='003'>NNC</controlfield><controlfield tag='005'>20220525191203.0</controlfield><controlfield tag='008'>860815s1934    nyu           000 0 eng d</controlfield><controlfield tag='009'>511130</controlfield><datafield ind1=' ' ind2=' ' tag='035'><subfield code='a'>(OCoLC)1855359</subfield></datafield><datafield ind1=' ' ind2=' ' tag='035'><subfield code='a'>(OCoLC)ocm01855359</subfield></datafield><datafield ind1=' ' ind2=' ' tag='035'><subfield code='a'>(CStRLIN)NYCG86-B91367</subfield></datafield><datafield ind1=' ' ind2=' ' tag='035'><subfield code='9'>ACF2633CU</subfield></datafield><datafield ind1=' ' ind2=' ' tag='035'><subfield code='a'>(NNC)511130</subfield></datafield><datafield ind1=' ' ind2=' ' tag='035'><subfield code='a'>511130</subfield></datafield><datafield ind1=' ' ind2=' ' tag='040'><subfield code='a'>NNC</subfield><subfield code='c'>NNC</subfield></datafield><datafield ind1='1' ind2=' ' tag='100'><subfield code='a'>Calder-Marshall, Arthur,</subfield><subfield code='d'>1908-1992.</subfield><subfield code='0'>http://id.loc.gov/authorities/names/n50032153</subfield></datafield><datafield ind1='1' ind2='0' tag='245'><subfield code='a'>About Levy ...</subfield></datafield><datafield ind1=' ' ind2=' ' tag='260'><subfield code='a'>New York :</subfield><subfield code='b'>Scribner,</subfield><subfield code='c'>1934.</subfield></datafield><datafield ind1=' ' ind2=' ' tag='300'><subfield code='a'>251 pages</subfield></datafield><datafield ind1=' ' ind2=' ' tag='336'><subfield code='a'>text</subfield><subfield code='2'>rdacontent</subfield></datafield><datafield ind1=' ' ind2=' ' tag='337'><subfield code='a'>unmediated</subfield><subfield code='2'>rdamedia</subfield></datafield><datafield ind1=' ' ind2=' ' tag='338'><subfield code='a'>volume</subfield><subfield code='2'>rdacarrier</subfield></datafield><datafield ind1='8' ind2='0' tag='852'><subfield code='h'>812C1272 03</subfield><subfield code='0'>2497457</subfield><subfield code='b'>scsbcul</subfield></datafield><datafield ind1=' ' ind2=' ' tag='876'><subfield code='0'>2497457</subfield><subfield code='a'>3869831</subfield><subfield code='h'> </subfield><subfield code='j'>Available</subfield><subfield code='p'>1002147246</subfield><subfield code='t'>1</subfield><subfield code='x'>Shared</subfield><subfield code='z'>CU</subfield><subfield code='l'>RECAP</subfield></datafield></record>