
<record><leader>14487cam a2200397Ia 4500</leader><controlfield tag='001'>SCSB-5226806</controlfield><controlfield tag='003'>NNC</controlfield><controlfield tag='005'>20221121182810.0</controlfield><controlfield tag='008'>050906t20052005caua     b    101 0 eng d</controlfield><controlfield tag='009'>5554435</controlfield><datafield ind1=' ' ind2=' ' tag='010'><subfield code='a'>  2005923694</subfield></datafield><datafield ind1=' ' ind2=' ' tag='020'><subfield code='a'>0769523676</subfield></datafield><datafield ind1=' ' ind2=' ' tag='035'><subfield code='a'>(OCoLC)ocm64187564</subfield></datafield><datafield ind1=' ' ind2=' ' tag='035'><subfield code='a'>(OCoLC)ocm61439035</subfield></datafield><datafield ind1=' ' ind2=' ' tag='035'><subfield code='a'>(NNC)5554435</subfield></datafield><datafield ind1=' ' ind2=' ' tag='035'><subfield code='a'>5554435</subfield></datafield><datafield ind1=' ' ind2=' ' tag='040'><subfield code='a'>IXA</subfield><subfield code='c'>IXA</subfield><subfield code='d'>OrLoB-B</subfield></datafield><datafield ind1=' ' ind2=' ' tag='090'><subfield code='a'>HF5548.34</subfield><subfield code='b'>.I58 2005</subfield></datafield><datafield ind1='2' ind2=' ' tag='111'><subfield code='a'>International Conference on Mobile Business</subfield><subfield code='n'>(4th :</subfield><subfield code='d'>2005 :</subfield><subfield code='c'>Sydney, N.S.W.)</subfield></datafield><datafield ind1='1' ind2='0' tag='245'><subfield code='a'>International Conference on Mobile Business :</subfield><subfield code='b'>ICMB 2005 : July 11-13, 2005, Crowne Plaza Darling Harbour, Sydney, Australia /</subfield><subfield code='c'>edited by Wayne Brookes [and others].</subfield></datafield><datafield ind1='3' ind2='0' tag='246'><subfield code='a'>Mobile Business</subfield></datafield><datafield ind1='3' ind2='0' tag='246'><subfield code='a'>ICMB 2005</subfield></datafield><datafield ind1=' ' ind2=' ' tag='260'><subfield code='a'>Los Alamitos, Calif. :</subfield><subfield code='b'>IEEE Computer Society,</subfield><subfield code='c'>[2005], ©2005.</subfield></datafield><datafield ind1=' ' ind2=' ' tag='300'><subfield code='a'>xix, 7001 pages :</subfield><subfield code='b'>illustrations ;</subfield><subfield code='c'>28 cm</subfield></datafield><datafield ind1=' ' ind2=' ' tag='336'><subfield code='a'>text</subfield><subfield code='b'>txt</subfield><subfield code='2'>rdacontent</subfield></datafield><datafield ind1=' ' ind2=' ' tag='337'><subfield code='a'>unmediated</subfield><subfield code='b'>n</subfield><subfield code='2'>rdamedia</subfield></datafield><datafield ind1='0' ind2='0' tag='505'><subfield code='t'>Novel user-centric model for m-business transformation /</subfield><subfield code='r'>J. Chan and D. Hoang --</subfield><subfield code='t'>Nomadic culture and its impact on organizational support for nomadic behaviors and employee job satisfaction /</subfield><subfield code='r'>L. Chen and C. Corritore --</subfield><subfield code='t'>Challenges in mobile transformations : a requirements modeling perspective for small and medium enterprises /</subfield><subfield code='r'>I. Marmaridis and B. Unhelkar --</subfield><subfield code='t'>SPAM : secure protocol for authentication in mobile-communications /</subfield><subfield code='r'>M. Das and A. Saxena --</subfield><subfield code='t'>A two-factor mobile authentication scheme for secure financial transactions /</subfield><subfield code='r'>R. Di Pietro, G. Me and M. Strangio --</subfield><subfield code='t'>An experimental study of a business domain independent application level and Internet access authentication and authorization concept /</subfield><subfield code='r'>R. Huber and N. Jordan --</subfield><subfield code='t'>Mobile customer relationship management : an explorative investigation of the Italian consumer market /</subfield><subfield code='r'>G. Camponovo, Y. Pigneur, A. Rangone and F. Renga --</subfield><subfield code='t'>The impact of wireless field force automation on New Zealand trade services organizations /</subfield><subfield code='r'>D. Innes, S. Barnes and E. Scornavacca --</subfield><subfield code='t'>Segments of the mobile Internet industry - examples from Finland and Japan /</subfield><subfield code='r'>M. Soininen --</subfield><subfield code='t'>Mobile phone-enhanced user interface of remote monitoring system /</subfield><subfield code='r'>Y. Imai, M. Oogo, D. Yamane, O. Sadayuki, Y. Iwamoto and S. Masuda --</subfield><subfield code='t'>Using wireless personal digital assistants in a restaurant : impact and perceived benefits /</subfield><subfield code='r'>M. Prasad, E. Scornavacca and H. Lehmann --</subfield><subfield code='t'>Emerging issues in location based tourism systems /</subfield><subfield code='r'>P. Hawking, A. Stein, J. Zeleznikow, P. Sharma, D. Nugent, L. Dawson and F. Foster --</subfield><subfield code='t'>Managing inter-organizational business processes using an architecture for M-business scenarios /</subfield><subfield code='r'>O. Adam, P. Chikova and A. Hofer --</subfield><subfield code='t'>A framework for integrating mobility into collaborative business processes /</subfield><subfield code='r'>I. Hawryszkiewycz and R. Steele --</subfield><subfield code='t'>Improving business processes with mobile workforce solutions /</subfield><subfield code='r'>Y. Wang, E. van de Kar, G. Meijer and M. Hunteler --</subfield><subfield code='t'>Ubitem : a framework for interactive marketing in location-based gaming environment /</subfield><subfield code='r'>S.-Y. Han, M.-K. Cho and M.-K. Choi --</subfield><subfield code='t'>A framework with a peer fostering mechanism for mobile P2P game development /</subfield><subfield code='r'>H. Wolf and M. Wang --</subfield><subfield code='t'>Charged location aware services - a privacy analysis /</subfield><subfield code='r'>P. Langendorfer, K. Piotrowski and M. Maaser --</subfield><subfield code='t'>Security risks in mobile business /</subfield><subfield code='r'>D. Phu and R. Jamieson --</subfield><subfield code='t'>Time based personalization for the moving user /</subfield><subfield code='r'>C. Panayiotou, M. Andreou, G. Samaras and A. Pitsillides --</subfield><subfield code='t'>Mobile recommendation systems for decision making &quot;on the go&quot; /</subfield><subfield code='r'>H. van der Heijden, G. Kotsis and R. Kronsteiner --</subfield><subfield code='t'>Business network and new mobile service development /</subfield><subfield code='r'>M. Heikkinen and J. Still --</subfield><subfield code='t'>Toward a new paradigm of innovation on the mobile platform : redefining the roles of content providers, technology companies, and users /</subfield><subfield code='r'>N. Ziv --</subfield><subfield code='t'>Process visibility : how mobile technology can enhance business-customer care in the paper industry /</subfield><subfield code='r'>V. Kadyte --</subfield><subfield code='t'>MOSES - a mobile safety system for work clearance processes /</subfield><subfield code='r'>W. Kurschl, S. Schmid and C. Domscha --</subfield><subfield code='t'>Evolution of 3D games on mobile phones /</subfield><subfield code='r'>F. Chehimi, P. Coulton and R. Edwards --</subfield><subfield code='t'>Mobile operator publishing and entertainment platform /</subfield><subfield code='r'>B. Downes, T. Pfeifer and C. Ryan --</subfield><subfield code='t'>Mobile entertainment : review and redefine /</subfield><subfield code='r'>C. Wong and P. Hiew --</subfield><subfield code='t'>Architectures for mobile device integration into service-oriented architectures /</subfield><subfield code='r'>I. Duda, M. Aleksy and T. Butter --</subfield><subfield code='t'>Addressing the challenges of Web applications on mobile handheld devices /</subfield><subfield code='r'>S. Murugesan and V. Appiah --</subfield><subfield code='t'>ContextUML : a UML-based modeling language for model-driven development of context-aware Web services development /</subfield><subfield code='r'>Q. Sheng and B. Benatallah --</subfield><subfield code='t'>ARIS MOBILE : helping to define the future of mobile learning /</subfield><subfield code='r'>G. Grohmann, A. Hofer and G. Martin --</subfield><subfield code='t'>Introducing location-based services into information technology curriculum : reflections on practice /</subfield><subfield code='r'>K. Michael and H. Tootell --</subfield><subfield code='t'>Does team size matter in mobile learning? /</subfield><subfield code='r'>G. Schwabe, C. Goth and D. Frohberg --</subfield><subfield code='t'>Wireless remote healthcare monitoring with motes /</subfield><subfield code='r'>E. Lubrin, E. Lawrence and K. Navarro --</subfield><subfield code='t'>Smart sensor networks : communication, collaboration and business decision making in distributed complex environments /</subfield><subfield code='r'>M. Hecker, A. Karol, C. Stanton and M. Williams --</subfield><subfield code='t'>An innovative interactive Web-enabled learning space for exploring intelligent mobile sensor networks and their business applications /</subfield><subfield code='r'>C. Stanton and M. Williams --</subfield><subfield code='t'>Contextual perceived usefulness? : toward an understanding of mobile commerce acceptance /</subfield><subfield code='r'>T. Lee and J. Jun --</subfield><subfield code='t'>The disappearance of the screen - research on audible interfaces in the ubiquitous computing environment /</subfield><subfield code='r'>D. Michelis, T. Nicolai, F. Resatsch and T. Schildhauer --</subfield><subfield code='t'>Adaptive data delivery framework for financial time series visualization /</subfield><subfield code='r'>T.-C. Fu, F.-L. Chung, C.-F. Lam, R. Luk and C.-M. Ng --</subfield><subfield code='t'>Spanish mobile banking services : an adoption study /</subfield><subfield code='r'>F. Martinez Borreguero and J. Chaparro Pelaez --</subfield><subfield code='t'>WLAN communities and Internet access sharing : a regulatory overview /</subfield><subfield code='r'>G. Camponovo and D. Cerutti --</subfield><subfield code='t'>Simple implementation framework for m-Government services /</subfield><subfield code='r'>A. Mukherjee and A. Biswas --</subfield><subfield code='t'>Mobile marketing : killer application or new hype? /</subfield><subfield code='r'>P. McManus and E. Scornavacca --</subfield><subfield code='t'>Performance measurement of mobile marketing in multi-channel environments /</subfield><subfield code='r'>R. Schierholz, A. Ostrowski, S. Glissmann, L. Kolbe and W. Brenner --</subfield><subfield code='t'>Proposition of an M-business procedure model for the development of mobile user interfaces /</subfield><subfield code='r'>S. Glissmann, S. Smolnik, R. Schierholz, L. Kolbe and W. Brenner --</subfield><subfield code='t'>From stationary work support to mobile work support : a theoretical framework /</subfield><subfield code='r'>Y. Yuan and W. Zheng --</subfield><subfield code='t'>Mobile technology adoption for mobile information systems : an activity theory perspective /</subfield><subfield code='r'>M. Er and R. Kay --</subfield><subfield code='t'>Acceptance and perceptions of advanced mobile services : alterations during a field study /</subfield><subfield code='r'>L. Knutsen, I. Constantiou and J. Damsgaard --</subfield><subfield code='t'>Mobile application platform strategies : business model engineering for the data intensive mobile age /</subfield><subfield code='r'>T. Yamakami --</subfield><subfield code='t'>The Web of augmented physical objects /</subfield><subfield code='r'>T. Nicolai, F. Resatsch and D. Michelis --</subfield><subfield code='t'>Merchant adoption of mobile payment systems /</subfield><subfield code='r'>N. Mallat and V. Tuunainen --</subfield><subfield code='t'>Evaluating wireless technologies in mobile payments - a customer centric approach /</subfield><subfield code='r'>A. Zmijewska --</subfield><subfield code='t'>Exploring early usage patterns of mobile data services /</subfield><subfield code='r'>M. Bina and G. Giaglis --</subfield><subfield code='t'>The role of marketing in the adoption of new mobile services : is it worth the investment? /</subfield><subfield code='r'>J. Blechar, I. Constantiou and J. Damsgaard --</subfield><subfield code='t'>Implementing location based information/advertising for existing mobile phone users in indoor/urban environments /</subfield><subfield code='r'>O. Rashid, P. Coulton and R. Edwards --</subfield><subfield code='t'>The effect on familiar mobile device and usage time on creating perceptions towards mobile services /</subfield><subfield code='r'>A. Ristola, T. Koivumaki and M. Kesti --</subfield><subfield code='t'>Pre-standardisation of mobile payments : negotiations within consortia /</subfield><subfield code='r'>A. Lim --</subfield><subfield code='t'>MMPS : a versatile mobile-to-mobile payment system /</subfield><subfield code='r'>A. Saxena, M. Das and A. Gupta --</subfield><subfield code='t'>Predicting consumer intention to use mobile commerce in Taiwan /</subfield><subfield code='r'>H.-H. Lin and Y.-S. Wang --</subfield><subfield code='t'>Market acceptance for the satellite DMB (digital multimedia broadcasting) services in Korea /</subfield><subfield code='r'>Y.-W. Sawng, H.-S. Han and J.-S. Lee --</subfield><subfield code='t'>Using system dynamics to simulate the strategic planning of the mobile commerce terminal (MCT) industry and mobile commerce diffusion /</subfield><subfield code='r'>W. Wang and F. Cheong --</subfield><subfield code='t'>Service diffusion strategies for push to talk over cellular /</subfield><subfield code='r'>T. Ali-Vehmas and S. Luukkainen --</subfield><subfield code='t'>Consumers perceptions and attitudes towards SMS mobile marketing in New Zealand /</subfield><subfield code='r'>A. Carroll, S. Barnes and E. Scornavacca --</subfield><subfield code='t'>Perspectives of mobile advertising in Greek market /</subfield><subfield code='r'>N. Androulidakis and I. Androulidakis --</subfield><subfield code='t'>Speech interface : an enhancer to the acceptance of M-commerce applications /</subfield><subfield code='r'>Y. Fan, A. Saliba, E. Kendall and J. Newmarch --</subfield><subfield code='t'>Technology assessment for single stage and multi-stage mobile applications /</subfield><subfield code='r'>J. Haagsma, R. Haylock and K. Sandrasegaran --</subfield><subfield code='t'>Contextual replication for mobile users /</subfield><subfield code='r'>M. Rangan, E. Swierk and D. Terry --</subfield><subfield code='t'>A mobile medical monitoring system : concept, design and deployment /</subfield><subfield code='r'>M. Biemer and J. Hampe --</subfield></datafield><datafield ind1=' ' ind2=' ' tag='500'><subfield code='a'>&quot;IEEE Computer Society Order Number P2367&quot;--T.p. verso.</subfield></datafield><datafield ind1=' ' ind2=' ' tag='504'><subfield code='a'>Includes bibliographical references and index.</subfield></datafield><datafield ind1='8' ind2='0' tag='505'><subfield code='t'>Wireless solutions developed for the Australian healthcare : a review /</subfield><subfield code='r'>R. Gururajan and S. Murugesan --</subfield><subfield code='t'>Identity management in vertical handovers for UMTS-WLAN networks /</subfield><subfield code='r'>M. Li, K. Sandrasegaran and X. Huang --</subfield><subfield code='t'>ZoneIT : using short-range radios to control mobile device functionality /</subfield><subfield code='r'>T. Moors, M. Mei and A. Salim --</subfield><subfield code='t'>Business model scenarios for seamless content distribution and delivery /</subfield><subfield code='r'>U. de Montalvo, P. Ballon and J. Sokol --</subfield><subfield code='t'>Analysis, specification and generation of mobile computer data synchronisation /</subfield><subfield code='r'>Q. Ye, A. Sloane and D. Verity --</subfield><subfield code='t'>Using the novel FLC dynamic buffer size tuning technique to support more dependable location-aware information retrieval /</subfield><subfield code='r'>W. Lin, T. Dillon and A. Wong --</subfield><subfield code='t'>RTPD/MACSC : a novel approach for effective pervasive information retrieval /</subfield><subfield code='r'>R. Wu, T. Dillon and A. Wong --</subfield><subfield code='t'>A functional framework of ambient iCare e-services for quality aging /</subfield><subfield code='r'>W.-L. Chang and I.-C. Lin --</subfield><subfield code='t'>Wireless and wearable overview : stages of growth theory in medical technology applications /</subfield><subfield code='r'>P. Ooi, G. Culjak and E. Lawrence --</subfield><subfield code='t'>Boosting m-Business using a truly secured protocol for data gathering mobile agents /</subfield><subfield code='r'>R. Al-Jaljouli --</subfield><subfield code='t'>Distributed sendbox scheme for mobile agent communication /</subfield><subfield code='r'>F.-Y. Leu, H.-H. Tsai and W.-K. Chang --</subfield><subfield code='t'>Impacts and cost of faults on services in cellular networks /</subfield><subfield code='r'>O. Kogeda, J. Agbinya and C. Omlin --</subfield><subfield code='t'>MACAM - mobile administration and control access management in networking /</subfield><subfield code='r'>T. Nguyen, L. Ouakil and G. Pujolle --</subfield><subfield code='t'>Scalable M-commerce and load balancing technique using cost based approach /</subfield><subfield code='r'>T.-H. Huang and J. Wu --</subfield><subfield code='t'>A context-sensitive service discovery protocol for mobile computing environments /</subfield><subfield code='r'>R. Robinson and J. Indulska --</subfield><subfield code='t'>Knowledge management through mobile networks in emergency situations /</subfield><subfield code='r'>H. Pousti and H. Hasan --</subfield><subfield code='t'>SDITPM : a novel transfer policy model for agent server migration in E-business /</subfield><subfield code='r'>J. Lo, A. Wong and W. Lin --</subfield><subfield code='t'>Mobile station location based on hybrid of signal strength and time of arrival /</subfield><subfield code='r'>G. Kbar and W. Mansoor --</subfield><subfield code='t'>Optimal placement of access point in WLAN based on a new algorithm /</subfield><subfield code='r'>S. Kouhbor, J. Ugon, A. Kruger and A. Rubinov --</subfield><subfield code='t'>Methodology for the assessment of emerging wireless and wireline telecommunications technologies /</subfield><subfield code='r'>J. Haagsma, R. Haylock and K. Sandrasegaran --</subfield><subfield code='t'>Emerging markets and benefits of fixed to wireless substitution in Africa /</subfield><subfield code='r'>Y. Li and J. Agbinya --</subfield><subfield code='t'>A simulative study on the performance of fast signaling in a mobile IPv6-wireless LAN based network environment /</subfield><subfield code='r'>N. Jordan, R. Huber and J. Fabini --</subfield><subfield code='t'>Wireless VPNs : an evaluation of QoS metrics and measures /</subfield><subfield code='r'>K. Munasinghe and S. Shahrestani --</subfield><subfield code='t'>The pros and cons of RFID in supply chain management /</subfield><subfield code='r'>K. Michael and L. McCathie --</subfield><subfield code='t'>RFID-based logistics control system for business-to-business E-commerce /</subfield><subfield code='r'>L. Ye and H. Chan --</subfield><subfield code='t'>Security issues in SIP signaling in wireless networks and services /</subfield><subfield code='r'>E. Lakay and J. Agbinya --</subfield><subfield code='t'>Introduction of 3[superscript rd] generation wireless services in a multi-enterprise VPN environment : case of the port of rotterdam /</subfield><subfield code='r'>L. Pau, H. Chen, P. van de Coterlet and R. Zuidwijk --</subfield><subfield code='t'>A framework of privacy shield in organizational information systems /</subfield><subfield code='r'>G. Skinner, S. Han and E. Chang --</subfield><subfield code='t'>Mobile ticketing system employing TrustZone technology /</subfield><subfield code='r'>W. Hussin, P. Coulton and R. Edwards --</subfield><subfield code='t'>Comparing customer valve creation in Internet and mobile banking /</subfield><subfield code='r'>T. Laukkanen --</subfield><subfield code='t'>A proposal for a multi-perspective analysis of the mobile payment environment /</subfield><subfield code='r'>J. Ondrus, G. Camponovo and Y. Pigneur --</subfield><subfield code='t'>Inhibitors and facilitators for mobile payment adoption in Australia : a preliminary study /</subfield><subfield code='r'>E. Teo, B. Fraunholz and C. Unnithan --</subfield><subfield code='t'>Query-by-object interface for dynamic access and information requirement elicitation /</subfield><subfield code='r'>S. Rahman, S. Bhalla and T. Hashimoto --</subfield><subfield code='t'>Use scenarios : a useful design tool for mBusiness /</subfield><subfield code='r'>K. Sadler, T. Robertson and M. Kan --</subfield><subfield code='t'>A feasible security mechanism for low cost RFID tags /</subfield><subfield code='r'>G.-C. Chang --</subfield><subfield code='t'>Compression scheme for faster and secure data transmission over networks /</subfield><subfield code='r'>B. Shajeemohan and V. Govindan --</subfield><subfield code='t'>Factors influencing the adoption of mobile entertainment : empirical evidence from a Malaysian survey /</subfield><subfield code='r'>C. Wong and P. Hiew --</subfield><subfield code='t'>UWB signal bandwidth expansion and synthesis using prolate and wavelet functions /</subfield><subfield code='r'>J. Agbinya and H. Truong --</subfield><subfield code='t'>A middleware-based script language /</subfield><subfield code='r'>Z.-B. Gan, C. Lin and V. Vijay --</subfield><subfield code='t'>A middleware for supporting context-aware services in mobile and ubiquitous environment /</subfield><subfield code='r'>N.-S. Park, K.-W. Lee and H. Kim.</subfield></datafield><datafield ind1=' ' ind2=' ' tag='530'><subfield code='a'>Also available on the World Wide Web.</subfield></datafield><datafield ind1=' ' ind2=' ' tag='533'><subfield code='a'>Electronic reproduction.</subfield><subfield code='b'>New York, N.Y. :</subfield><subfield code='c'>IEEE,</subfield><subfield code='d'>c2005.</subfield><subfield code='n'>System requirements: Adobe Acrobat Reader.</subfield><subfield code='n'>Mode of access: World Wide Web.</subfield><subfield code='n'>Made available through IEEE Xplore under title: Mobile Business, 2005, ICMB 2005, International Conference on.</subfield></datafield><datafield ind1=' ' ind2='0' tag='650'><subfield code='a'>Mobile commerce</subfield><subfield code='v'>Congresses.</subfield></datafield><datafield ind1='1' ind2=' ' tag='700'><subfield code='a'>Brookes, Wayne.</subfield><subfield code='0'>http://id.loc.gov/authorities/names/no2005109550</subfield></datafield><datafield ind1='2' ind2=' ' tag='710'><subfield code='a'>IEEE Xplore (Online service)</subfield><subfield code='0'>http://id.loc.gov/authorities/names/no00037063</subfield></datafield><datafield ind1='0' ind2='0' tag='852'><subfield code='h'>HF5548.34 .I58 2005g</subfield><subfield code='0'>5213267</subfield><subfield code='b'>scsbcul</subfield></datafield><datafield ind1=' ' ind2=' ' tag='876'><subfield code='0'>5213267</subfield><subfield code='a'>7787192</subfield><subfield code='h'> </subfield><subfield code='j'>Available</subfield><subfield code='p'>CU74311115</subfield><subfield code='t'>1</subfield><subfield code='x'>Shared</subfield><subfield code='z'>CU</subfield><subfield code='l'>RECAP</subfield></datafield></record>