
<record><leader>01621cam a2200361 a 4500</leader><controlfield tag='001'>SCSB-11281388</controlfield><controlfield tag='005'>20020606163548.3</controlfield><controlfield tag='008'>940322s1992    vaua     b    100 0 eng d</controlfield><controlfield tag='009'>990057800930203941</controlfield><datafield ind1=' ' ind2=' ' tag='010'><subfield code='a'>^^^95180773^//r95</subfield></datafield><datafield ind1=' ' ind2=' ' tag='020'><subfield code='a'>1565640489</subfield></datafield><datafield ind1=' ' ind2=' ' tag='035'><subfield code='a'>(OCoLC)29997119</subfield></datafield><datafield ind1=' ' ind2=' ' tag='040'><subfield code='a'>MdU</subfield><subfield code='c'>MdU</subfield><subfield code='d'>DLC</subfield></datafield><datafield ind1=' ' ind2=' ' tag='042'><subfield code='a'>lccopycat</subfield></datafield><datafield ind1='0' ind2='4' tag='050'><subfield code='a'>HG5818</subfield></datafield><datafield ind1='2' ind2=' ' tag='111'><subfield code='a'>International Islamic Economics Seminar</subfield><subfield code='n'>(3rd :</subfield><subfield code='d'>1990 :</subfield><subfield code='c'>Washington, D.C.)</subfield></datafield><datafield ind1='1' ind2='0' tag='245'><subfield code='a'>Resource mobilization and investment in an Islamic economic framework :</subfield><subfield code='b'>proceedings of the third International Islamic Economics Seminar, 1990 /</subfield><subfield code='c'>edited by Zaidi Sattar.</subfield></datafield><datafield ind1=' ' ind2=' ' tag='250'><subfield code='a'>1st ed.</subfield></datafield><datafield ind1=' ' ind2=' ' tag='260'><subfield code='a'>Herndon, Va. :</subfield><subfield code='b'>International Institute of Islamic Thought,</subfield><subfield code='c'>1992.</subfield></datafield><datafield ind1=' ' ind2=' ' tag='300'><subfield code='a'>207 p. :</subfield><subfield code='b'>ill. ;</subfield><subfield code='c'>23 cm.</subfield></datafield><datafield ind1='1' ind2=' ' tag='490'><subfield code='a'>Islamization of knowledge ;</subfield><subfield code='v'>13.</subfield></datafield><datafield ind1=' ' ind2=' ' tag='500'><subfield code='a'>Jointly published by the Association of Muslim Social Scientists and the International Institute of Islamic Thought.</subfield></datafield><datafield ind1=' ' ind2=' ' tag='500'><subfield code='a'>Supported by the Research Division, Islamic Research and Training Institute, Islamic Development Bank, Jeddah, Saudi Arabia.</subfield></datafield><datafield ind1=' ' ind2=' ' tag='504'><subfield code='a'>Includes bibliographical references (p. 206-207).</subfield></datafield><datafield ind1=' ' ind2='0' tag='650'><subfield code='a'>Investments</subfield><subfield code='z'>Islamic countries</subfield><subfield code='x'>Mathematical models</subfield><subfield code='v'>Congresses.</subfield></datafield><datafield ind1=' ' ind2='0' tag='650'><subfield code='a'>Economic development</subfield><subfield code='x'>Religious aspects</subfield><subfield code='x'>Islam</subfield><subfield code='v'>Congresses</subfield></datafield><datafield ind1=' ' ind2='0' tag='650'><subfield code='a'>Finance, Public</subfield><subfield code='x'>Religious aspects</subfield><subfield code='x'>Islam</subfield><subfield code='v'>Congresses.</subfield></datafield><datafield ind1='1' ind2=' ' tag='700'><subfield code='a'>Sattar, Zaidi</subfield></datafield><datafield ind1='2' ind2=' ' tag='710'><subfield code='a'>International Institute of Islamic Thought.</subfield></datafield><datafield ind1='2' ind2=' ' tag='710'><subfield code='a'>Association of Muslim Social Scientists.</subfield></datafield><datafield ind1=' ' ind2='0' tag='830'><subfield code='a'>Islamization of knowledge series ;</subfield><subfield code='v'>13.</subfield></datafield><datafield ind1='1' ind2=' ' tag='583'><subfield code='a'>committed to retain</subfield><subfield code='c'>20181001</subfield><subfield code='d'>in perpetuity</subfield><subfield code='f'>ReCAP Shared Collection</subfield><subfield code='5'>HUL</subfield><subfield code='8'>221964256270003941</subfield></datafield><datafield ind1='0' ind2=' ' tag='852'><subfield code='c'>HD</subfield><subfield code='h'>HG5818</subfield><subfield code='0'>12085675</subfield><subfield code='b'>scsbhl</subfield></datafield><datafield ind1=' ' ind2=' ' tag='876'><subfield code='0'>12085675</subfield><subfield code='a'>17849105</subfield><subfield code='h'> </subfield><subfield code='j'>Available</subfield><subfield code='k'>WID</subfield><subfield code='p'>HWQPQ6</subfield><subfield code='x'>Shared</subfield><subfield code='z'>HW</subfield><subfield code='l'>HD</subfield></datafield></record>