
<record><leader>00967ctm a22002897a 4500</leader><controlfield tag='001'>SCSB-3438925</controlfield><controlfield tag='003'>NNC</controlfield><controlfield tag='005'>20220609023210.0</controlfield><controlfield tag='007'>hd afa|||baca</controlfield><controlfield tag='008'>920807s1995    xx |||||ab   |||| ||spa|d</controlfield><controlfield tag='009'>1903022</controlfield><datafield ind1=' ' ind2=' ' tag='035'><subfield code='a'>(OCoLC)36264611</subfield></datafield><datafield ind1=' ' ind2=' ' tag='035'><subfield code='a'>(OCoLC)ocm36264611</subfield></datafield><datafield ind1=' ' ind2=' ' tag='035'><subfield code='9'>ALZ5367CU</subfield></datafield><datafield ind1=' ' ind2=' ' tag='035'><subfield code='a'>(NNC)1903022</subfield></datafield><datafield ind1=' ' ind2=' ' tag='035'><subfield code='a'>1903022</subfield></datafield><datafield ind1=' ' ind2=' ' tag='040'><subfield code='a'>NNC</subfield><subfield code='c'>NNC</subfield></datafield><datafield ind1='1' ind2=' ' tag='100'><subfield code='a'>Nikopoulou, Evangelia Lia.</subfield></datafield><datafield ind1='1' ind2='0' tag='245'><subfield code='a'>Upward mobility in an ethnic community :</subfield><subfield code='b'>a study of a Greek-American upper-class /</subfield><subfield code='c'>Evangelia Lia Nikopoulou .</subfield></datafield><datafield ind1=' ' ind2=' ' tag='260'><subfield code='c'>1995.</subfield></datafield><datafield ind1=' ' ind2=' ' tag='300'><subfield code='a'>v, 198 leaves.</subfield></datafield><datafield ind1=' ' ind2=' ' tag='336'><subfield code='a'>text</subfield><subfield code='b'>txt</subfield><subfield code='2'>rdacontent</subfield></datafield><datafield ind1=' ' ind2=' ' tag='337'><subfield code='a'>microform</subfield><subfield code='b'>h</subfield><subfield code='2'>rdamedia</subfield></datafield><datafield ind1=' ' ind2=' ' tag='502'><subfield code='a'>Thesis (Ph. D.)--Columbia University, 1995.</subfield></datafield><datafield ind1=' ' ind2=' ' tag='504'><subfield code='a'>Includes bibliographical references (leaves 187-194).</subfield></datafield><datafield ind1=' ' ind2=' ' tag='500'><subfield code='a'>Department: Sociology</subfield></datafield><datafield ind1=' ' ind2=' ' tag='533'><subfield code='a'>Microfilm.</subfield><subfield code='b'>Ann Arbor, Mich. :</subfield><subfield code='c'>University Microfilms International,</subfield><subfield code='d'>1995.</subfield><subfield code='e'>1 microfilm reel ; 35 mm.</subfield><subfield code='f'>95-33,632.</subfield></datafield><datafield ind1='8' ind2='0' tag='852'><subfield code='h'>FC95- 33,632</subfield><subfield code='0'>3424337</subfield><subfield code='b'>scsbcul</subfield></datafield><datafield ind1=' ' ind2=' ' tag='876'><subfield code='0'>3424337</subfield><subfield code='a'>5153779</subfield><subfield code='h'>In Library Use</subfield><subfield code='j'>Available</subfield><subfield code='p'>CU67181767</subfield><subfield code='t'>1</subfield><subfield code='x'>Shared</subfield><subfield code='z'>CU</subfield><subfield code='l'>RECAP</subfield></datafield></record>