
<record><leader>01301nam a2200325   4500</leader><controlfield tag='001'>SCSB-4296170</controlfield><controlfield tag='003'>NNC</controlfield><controlfield tag='005'>20221020035834.0</controlfield><controlfield tag='008'>750711s1966    gw            000 0 ger u</controlfield><controlfield tag='009'>3316684</controlfield><datafield ind1=' ' ind2=' ' tag='010'><subfield code='a'>   67111578 </subfield></datafield><datafield ind1=' ' ind2=' ' tag='035'><subfield code='a'>(OCoLC)ocm01443252</subfield></datafield><datafield ind1=' ' ind2=' ' tag='035'><subfield code='9'>AUW1815CU</subfield></datafield><datafield ind1=' ' ind2=' ' tag='035'><subfield code='a'>(NNC)3316684</subfield></datafield><datafield ind1=' ' ind2=' ' tag='035'><subfield code='a'>3316684</subfield></datafield><datafield ind1=' ' ind2=' ' tag='040'><subfield code='c'>ZGM</subfield><subfield code='d'>OCL</subfield><subfield code='d'>OCLCQ</subfield></datafield><datafield ind1='0' ind2='0' tag='050'><subfield code='a'>BM545.A65</subfield><subfield code='b'>G58 1966</subfield></datafield><datafield ind1='1' ind2=' ' tag='100'><subfield code='a'>Maimonides, Moses,</subfield><subfield code='d'>1135-1204.</subfield><subfield code='0'>http://id.loc.gov/authorities/names/n78096039</subfield></datafield><datafield ind1='1' ind2='0' tag='245'><subfield code='a'>Moses Maimonides. :</subfield><subfield code='b'>Ein Querschnitt durch das Werk des Rabbi Mosche Ben Maimon /</subfield><subfield code='c'>Auswahl und Übertragung von Nahum Norbert Glatzer.</subfield></datafield><datafield ind1=' ' ind2=' ' tag='260'><subfield code='a'>Köln :</subfield><subfield code='b'>Hegner,</subfield><subfield code='c'>(1966)</subfield></datafield><datafield ind1=' ' ind2=' ' tag='300'><subfield code='a'>195 pages ;</subfield><subfield code='c'>17 cm.</subfield></datafield><datafield ind1=' ' ind2=' ' tag='336'><subfield code='a'>text</subfield><subfield code='b'>txt</subfield><subfield code='2'>rdacontent</subfield></datafield><datafield ind1=' ' ind2=' ' tag='337'><subfield code='a'>unmediated</subfield><subfield code='b'>n</subfield><subfield code='2'>rdamedia</subfield></datafield><datafield ind1='1' ind2=' ' tag='490'><subfield code='a'>Hegner-Bücherei</subfield></datafield><datafield ind1=' ' ind2=' ' tag='500'><subfield code='a'>&quot;Quellen&quot;: p. 191-195.</subfield></datafield><datafield ind1=' ' ind2='0' tag='650'><subfield code='a'>Judaism</subfield><subfield code='v'>Works to 1900.</subfield><subfield code='0'>http://id.loc.gov/authorities/subjects/sh85070867</subfield></datafield><datafield ind1=' ' ind2='0' tag='650'><subfield code='a'>Jewish ethics.</subfield><subfield code='0'>http://id.loc.gov/authorities/subjects/sh85045109</subfield></datafield><datafield ind1='1' ind2=' ' tag='700'><subfield code='a'>Glatzer, Nahum N.</subfield><subfield code='q'>(Nahum Norbert),</subfield><subfield code='d'>1903-1990,</subfield><subfield code='e'>compiler.</subfield><subfield code='4'>http://id.loc.gov/vocabulary/relators/com</subfield><subfield code='0'>http://id.loc.gov/authorities/names/n50033097</subfield></datafield><datafield ind1='0' ind2='2' tag='740'><subfield code='a'>Querschnitt durch das Werk des Rabbi Mosche Ben Maimon.</subfield></datafield><datafield ind1=' ' ind2='0' tag='830'><subfield code='a'>Hegner-Bücherei.</subfield></datafield><datafield ind1='0' ind2='0' tag='852'><subfield code='h'>BM545.A65 G58 1966</subfield><subfield code='0'>4309791</subfield><subfield code='b'>scsbcul</subfield></datafield><datafield ind1=' ' ind2=' ' tag='876'><subfield code='0'>4309791</subfield><subfield code='a'>6220547</subfield><subfield code='h'> </subfield><subfield code='j'>Available</subfield><subfield code='p'>CU65475569</subfield><subfield code='t'>1</subfield><subfield code='x'>Shared</subfield><subfield code='z'>CU</subfield><subfield code='l'>RECAP</subfield></datafield></record>