
<record><leader>00000nam  2200289I  4500</leader><controlfield tag='001'>SCSB-9846522</controlfield><controlfield tag='003'>OCoLC</controlfield><controlfield tag='005'>20000731121627.3</controlfield><controlfield tag='007'>hd bfb---baca</controlfield><controlfield tag='008'>910314q19001983nyu     ab    000 0beng dnamI  </controlfield><controlfield tag='009'>.b147496524</controlfield><datafield ind1='1' ind2=' ' tag='100'><subfield code='a'>Slotki, I. W.</subfield><subfield code='q'>(Israel Wolf)</subfield></datafield><datafield ind1='1' ind2='0' tag='600'><subfield code='a'>Maimonides, Moses,</subfield><subfield code='d'>1135-1204.</subfield></datafield><datafield ind1=' ' ind2=' ' tag='010'><subfield code='a'>nuc87766166</subfield></datafield><datafield ind1=' ' ind2=' ' tag='504'><subfield code='a'>Bibliography: p. 44.</subfield></datafield><datafield ind1=' ' ind2=' ' tag='533'><subfield code='a'>Microfilm.</subfield><subfield code='b'>New York:</subfield><subfield code='c'>New York Public Library,</subfield><subfield code='d'>[197-].</subfield><subfield code='e'>1 microfilm reel ; 35 mm.</subfield><subfield code='n'>(MN *ZZ-16578)</subfield></datafield><datafield ind1=' ' ind2=' ' tag='260'><subfield code='a'>[London]</subfield><subfield code='b'>Jewish Educational Publications,</subfield><subfield code='c'>1952.</subfield></datafield><datafield ind1=' ' ind2=' ' tag='300'><subfield code='a'>44 p.</subfield><subfield code='c'>22 cm.</subfield></datafield><datafield ind1='0' ind2=' ' tag='490'><subfield code='a'>Leading figures in Jewish history</subfield></datafield><datafield ind1='1' ind2='0' tag='245'><subfield code='a'>Moses Maimonides</subfield><subfield code='h'>[microform],</subfield><subfield code='b'>his life and times.</subfield></datafield><datafield ind1=' ' ind2=' ' tag='040'><subfield code='a'>NN</subfield><subfield code='c'>RQM</subfield><subfield code='d'>NYP</subfield><subfield code='d'>WaOLN</subfield></datafield><datafield ind1=' ' ind2=' ' tag='049'><subfield code='a'>NYPJ</subfield></datafield><datafield ind1=' ' ind2=' ' tag='850'><subfield code='a'>NN</subfield></datafield><datafield ind1=' ' ind2=' ' tag='946'><subfield code='a'>r</subfield></datafield><datafield ind1=' ' ind2=' ' tag='997'><subfield code='a'>hj</subfield><subfield code='b'>08-01-00</subfield><subfield code='c'>m</subfield><subfield code='d'>a</subfield><subfield code='e'>-</subfield><subfield code='f'>eng</subfield><subfield code='g'>nyu</subfield><subfield code='h'>0</subfield></datafield><datafield ind1=' ' ind2=' ' tag='910'><subfield code='a'>RL</subfield></datafield><datafield ind1='0' ind2='0' tag='907'><subfield code='a'>.b147496524</subfield></datafield><datafield ind1=' ' ind2=' ' tag='035'><subfield code='a'>(OCoLC)23247058</subfield></datafield><datafield ind1='8' ind2=' ' tag='852'><subfield code='h'>*ZP-*PBM p.v. 578-585</subfield><subfield code='0'>16393979</subfield><subfield code='b'>scsbnypl</subfield></datafield><datafield ind1=' ' ind2=' ' tag='876'><subfield code='0'>16393979</subfield><subfield code='a'>23151929</subfield><subfield code='h'>In Library Use</subfield><subfield code='j'>Available</subfield><subfield code='p'>33433107499497</subfield><subfield code='t'>1</subfield><subfield code='x'>Shared</subfield><subfield code='z'>NA</subfield><subfield code='l'>RECAP</subfield></datafield></record>