
<record><leader>00566aam a2200205 a 4500</leader><controlfield tag='001'>SCSB-10657251</controlfield><controlfield tag='005'>20020606093309.7</controlfield><controlfield tag='008'>910507s1990    gw            000 0 ger  </controlfield><controlfield tag='009'>990019271010203941</controlfield><datafield ind1=' ' ind2=' ' tag='010'><subfield code='a'>^^^91150218^</subfield></datafield><datafield ind1=' ' ind2=' ' tag='020'><subfield code='a'>3877186068</subfield></datafield><datafield ind1=' ' ind2=' ' tag='035'><subfield code='a'>(OCoLC)25414081</subfield><subfield code='z'>(OCoLC)23831024</subfield></datafield><datafield ind1=' ' ind2=' ' tag='040'><subfield code='a'>DLC</subfield><subfield code='c'>DLC</subfield><subfield code='d'>HLS</subfield></datafield><datafield ind1='0' ind2='0' tag='050'><subfield code='a'>KKN1704.31915.A6</subfield><subfield code='b'>S34 1990</subfield></datafield><datafield ind1='1' ind2=' ' tag='100'><subfield code='a'>Salfield, D. J.,</subfield><subfield code='d'>1915-</subfield></datafield><datafield ind1='1' ind2='0' tag='245'><subfield code='a'>Moses Maimonides :</subfield><subfield code='b'>Philosoph, Theologe, Arzt /</subfield><subfield code='c'>D.J. Salfield.</subfield></datafield><datafield ind1=' ' ind2=' ' tag='260'><subfield code='a'>Rheinnfelden :</subfield><subfield code='b'>Schäuble,</subfield><subfield code='c'>c1990.</subfield></datafield><datafield ind1=' ' ind2=' ' tag='300'><subfield code='a'>129 p .;</subfield><subfield code='c'>21 cm.</subfield></datafield><datafield ind1=' ' ind2=' ' tag='504'><subfield code='a'>Includes bibliographical references (pages 127-129).</subfield></datafield><datafield ind1='1' ind2='0' tag='600'><subfield code='a'>Maimonides, Moses,</subfield><subfield code='d'>1135-1204</subfield></datafield><datafield ind1=' ' ind2='0' tag='650'><subfield code='a'>Jewish philosophers.</subfield></datafield><datafield ind1='0' ind2='8' tag='776'><subfield code='i'>Online version:</subfield><subfield code='a'>Salfield, D.J., 1915-</subfield><subfield code='t'>Moses Maimonides.</subfield><subfield code='d'>Rheinfelden : Schäuble, ©1990</subfield><subfield code='w'>(OCoLC)654360348</subfield></datafield><datafield ind1='1' ind2=' ' tag='583'><subfield code='a'>committed to retain</subfield><subfield code='c'>20181001</subfield><subfield code='d'>in perpetuity</subfield><subfield code='f'>ReCAP Shared Collection</subfield><subfield code='5'>HUL</subfield><subfield code='8'>221827032720003941</subfield></datafield><datafield ind1='0' ind2=' ' tag='852'><subfield code='c'>HD</subfield><subfield code='h'>KKN1704.31915.A6</subfield><subfield code='i'>S34 1990</subfield><subfield code='0'>11443218</subfield><subfield code='b'>scsbhl</subfield></datafield><datafield ind1=' ' ind2=' ' tag='876'><subfield code='0'>11443218</subfield><subfield code='a'>17181323</subfield><subfield code='h'> </subfield><subfield code='j'>Available</subfield><subfield code='k'>WID</subfield><subfield code='p'>HWEBUA</subfield><subfield code='x'>Shared</subfield><subfield code='z'>HW</subfield><subfield code='l'>HD</subfield></datafield></record>