
<record><leader>00713nam a2200229 a 4500</leader><controlfield tag='001'>SCSB-10230550</controlfield><controlfield tag='005'>20020606093309.7</controlfield><controlfield tag='008'>910507s1992    gw       b    000 0 ger d</controlfield><controlfield tag='009'>990027885720203941</controlfield><datafield ind1=' ' ind2=' ' tag='020'><subfield code='a'>3877181465</subfield></datafield><datafield ind1=' ' ind2=' ' tag='035'><subfield code='a'>(OCoLC)27450651</subfield></datafield><datafield ind1=' ' ind2='4' tag='050'><subfield code='a'>KKN1704.31915.A6</subfield><subfield code='b'>S34 1992</subfield></datafield><datafield ind1=' ' ind2=' ' tag='090'><subfield code='a'>KKN1704.31915.A6</subfield><subfield code='b'>S34 1992</subfield></datafield><datafield ind1='1' ind2=' ' tag='100'><subfield code='a'>Salfield, D. J.,</subfield><subfield code='d'>1915-</subfield></datafield><datafield ind1='1' ind2='0' tag='245'><subfield code='a'>Moses Maimonides :</subfield><subfield code='b'>Philosoph, Theologe, Arzt /</subfield><subfield code='c'>D.J. Salfield.</subfield></datafield><datafield ind1=' ' ind2=' ' tag='250'><subfield code='a'>2. Aufl.</subfield></datafield><datafield ind1=' ' ind2=' ' tag='260'><subfield code='a'>Rheinnfelden :</subfield><subfield code='b'>Schäuble,</subfield><subfield code='c'>c1992.</subfield></datafield><datafield ind1=' ' ind2=' ' tag='300'><subfield code='a'>129 p. ;</subfield><subfield code='c'>21 cm.</subfield></datafield><datafield ind1='1' ind2=' ' tag='490'><subfield code='a'>Religionswissenschaft und Theologien ;</subfield><subfield code='v'>6</subfield></datafield><datafield ind1=' ' ind2=' ' tag='504'><subfield code='a'>Includes bibliographical references (p. 127-129).</subfield></datafield><datafield ind1='1' ind2='0' tag='600'><subfield code='a'>Maimonides, Moses,</subfield><subfield code='d'>1135-1204</subfield></datafield><datafield ind1=' ' ind2='0' tag='650'><subfield code='a'>Jewish philosophers.</subfield></datafield><datafield ind1=' ' ind2='0' tag='830'><subfield code='a'>Religionswissenschaft und Theologien ;</subfield><subfield code='v'>6.</subfield></datafield><datafield ind1='1' ind2=' ' tag='583'><subfield code='a'>committed to retain</subfield><subfield code='c'>20181001</subfield><subfield code='d'>in perpetuity</subfield><subfield code='f'>ReCAP Shared Collection</subfield><subfield code='5'>HUL</subfield><subfield code='8'>221863193210003941</subfield></datafield><datafield ind1='0' ind2=' ' tag='852'><subfield code='c'>HD</subfield><subfield code='h'>B759.M34</subfield><subfield code='i'>S25 1992</subfield><subfield code='0'>10992127</subfield><subfield code='b'>scsbhl</subfield></datafield><datafield ind1=' ' ind2=' ' tag='876'><subfield code='0'>10992127</subfield><subfield code='a'>16705038</subfield><subfield code='h'> </subfield><subfield code='j'>Available</subfield><subfield code='k'>DIV</subfield><subfield code='p'>AH3DGK</subfield><subfield code='x'>Shared</subfield><subfield code='z'>AH</subfield><subfield code='l'>HD</subfield></datafield></record>