
<record><leader>00989cam a2200325 a 4500</leader><controlfield tag='001'>SCSB-10829943</controlfield><controlfield tag='005'>20020606104010.5</controlfield><controlfield tag='008'>991109s1998    it       b    000 0dita d</controlfield><controlfield tag='009'>990080123890203941</controlfield><datafield ind1=' ' ind2=' ' tag='020'><subfield code='a'>8837216866</subfield></datafield><datafield ind1=' ' ind2=' ' tag='035'><subfield code='a'>(OCoLC)40439967</subfield></datafield><datafield ind1=' ' ind2=' ' tag='040'><subfield code='a'>CUL</subfield><subfield code='c'>CUL</subfield></datafield><datafield ind1='1' ind2=' ' tag='041'><subfield code='a'>ita</subfield><subfield code='h'>araheb</subfield></datafield><datafield ind1=' ' ind2='4' tag='050'><subfield code='a'>BM759.M32</subfield><subfield code='b'>I8 1998</subfield></datafield><datafield ind1=' ' ind2=' ' tag='090'><subfield code='a'>B759.M32</subfield><subfield code='b'>I8 1998</subfield></datafield><datafield ind1='1' ind2=' ' tag='100'><subfield code='a'>Maimonides, Moses,</subfield><subfield code='d'>1135-1204</subfield></datafield><datafield ind1='1' ind2='0' tag='240'><subfield code='a'>Works.</subfield><subfield code='k'>Selections.</subfield><subfield code='l'>Italian</subfield></datafield><datafield ind1='1' ind2='0' tag='245'><subfield code='a'>Mosè Maimonide :</subfield><subfield code='b'>il pensiero filosofico /</subfield><subfield code='c'>[a cura di] Giuseppe Laras.</subfield></datafield><datafield ind1='3' ind2='0' tag='246'><subfield code='a'>Pensiero filosofico</subfield></datafield><datafield ind1=' ' ind2=' ' tag='250'><subfield code='a'>1. ed.</subfield></datafield><datafield ind1=' ' ind2=' ' tag='260'><subfield code='a'>Brescia :</subfield><subfield code='b'>Morcelliana,</subfield><subfield code='c'>1998.</subfield></datafield><datafield ind1=' ' ind2=' ' tag='300'><subfield code='a'>251 p. ;</subfield><subfield code='c'>22 cm.</subfield></datafield><datafield ind1='1' ind2=' ' tag='490'><subfield code='a'>Maestri del pensiero ;</subfield><subfield code='v'>11</subfield></datafield><datafield ind1=' ' ind2=' ' tag='504'><subfield code='a'>Includes bibliographical references.</subfield></datafield><datafield ind1=' ' ind2=' ' tag='546'><subfield code='a'>Selections from the works of Maimonides in Italian translation.</subfield></datafield><datafield ind1='1' ind2='0' tag='600'><subfield code='a'>Maimonides, Moses,</subfield><subfield code='d'>1135-1204</subfield></datafield><datafield ind1=' ' ind2='0' tag='650'><subfield code='a'>Jewish philosophy.</subfield></datafield><datafield ind1=' ' ind2='0' tag='650'><subfield code='a'>Philosophy, Medieval.</subfield></datafield><datafield ind1='1' ind2=' ' tag='700'><subfield code='a'>Laras, Giuseppe.</subfield></datafield><datafield ind1=' ' ind2='0' tag='830'><subfield code='a'>Maestri del pensiero ;</subfield><subfield code='v'>11.</subfield></datafield><datafield ind1='1' ind2=' ' tag='583'><subfield code='a'>committed to retain</subfield><subfield code='c'>20181001</subfield><subfield code='d'>in perpetuity</subfield><subfield code='f'>ReCAP Shared Collection</subfield><subfield code='5'>HUL</subfield><subfield code='8'>222045780500003941</subfield></datafield><datafield ind1='0' ind2=' ' tag='852'><subfield code='c'>HD</subfield><subfield code='h'>B759.M32</subfield><subfield code='i'>I8 1998x</subfield><subfield code='0'>11620876</subfield><subfield code='b'>scsbhl</subfield></datafield><datafield ind1=' ' ind2=' ' tag='876'><subfield code='0'>11620876</subfield><subfield code='a'>17366431</subfield><subfield code='h'> </subfield><subfield code='j'>Available</subfield><subfield code='k'>WID</subfield><subfield code='p'>HXB6GC</subfield><subfield code='x'>Shared</subfield><subfield code='z'>HW</subfield><subfield code='l'>HD</subfield></datafield></record>