
<record><leader>00000nam  2200325I  4500</leader><controlfield tag='001'>SCSB-15287587</controlfield><controlfield tag='003'>OCoLC</controlfield><controlfield tag='005'>20000731112833.0</controlfield><controlfield tag='007'>hd bfb---baca</controlfield><controlfield tag='008'>930702s1935    nyu     a     000 0 eng dnamI  </controlfield><controlfield tag='009'>.b147480632</controlfield><datafield ind1='2' ind2=' ' tag='110'><subfield code='a'>National Jewish Welfare Board.</subfield></datafield><datafield ind1='2' ind2=' ' tag='710'><subfield code='a'>Jewish Education Association of New York.</subfield></datafield><datafield ind1='2' ind2=' ' tag='710'><subfield code='a'>Associated Talmud Torahs, Philadelphia.</subfield></datafield><datafield ind1='2' ind2=' ' tag='710'><subfield code='a'>Maimonides Octocentennial Committee.</subfield></datafield><datafield ind1='1' ind2='0' tag='600'><subfield code='a'>Maimonides, Moses,</subfield><subfield code='d'>1135-1204</subfield><subfield code='x'>Anniversaries, etc.</subfield></datafield><datafield ind1=' ' ind2=' ' tag='010'><subfield code='a'>nuc87848171</subfield></datafield><datafield ind1=' ' ind2=' ' tag='504'><subfield code='a'>&quot;Selected bibliography,&quot; f. 58-59.</subfield></datafield><datafield ind1=' ' ind2=' ' tag='533'><subfield code='a'>Microfilm.</subfield><subfield code='b'>New York :</subfield><subfield code='c'>New York Public Library,</subfield><subfield code='d'>1979.</subfield><subfield code='e'>1microfilm reel ; 35 mm.</subfield><subfield code='n'>(MN: *ZZ-16578) (Copy 1)</subfield></datafield><datafield ind1=' ' ind2=' ' tag='533'><subfield code='a'>Microfilm.</subfield><subfield code='b'>New York :</subfield><subfield code='c'>New York Public Library,</subfield><subfield code='d'>1979.</subfield><subfield code='e'>1microfilm reel ; 35 mm.</subfield><subfield code='n'>(MN: *ZZ-16973) (Copy 2)</subfield></datafield><datafield ind1=' ' ind2=' ' tag='260'><subfield code='a'>[New York,</subfield><subfield code='c'>1935]</subfield></datafield><datafield ind1=' ' ind2=' ' tag='300'><subfield code='a'>59 leaves ;</subfield><subfield code='c'>28 cm.</subfield></datafield><datafield ind1='0' ind2='0' tag='245'><subfield code='a'>Moses Maimonides (Rambam)</subfield><subfield code='h'>[microform] :</subfield><subfield code='b'>octocentennial celebration, 1135-1935 ; Program material for Jewish centers and religious schools.</subfield></datafield><datafield ind1=' ' ind2=' ' tag='040'><subfield code='a'>NN</subfield><subfield code='c'>RQM</subfield><subfield code='d'>NYP</subfield><subfield code='d'>WaOLN</subfield></datafield><datafield ind1=' ' ind2=' ' tag='049'><subfield code='a'>NYPJ</subfield></datafield><datafield ind1=' ' ind2=' ' tag='946'><subfield code='a'>r</subfield></datafield><datafield ind1=' ' ind2=' ' tag='997'><subfield code='a'>hj</subfield><subfield code='b'>08-01-00</subfield><subfield code='c'>m</subfield><subfield code='d'>a</subfield><subfield code='e'>-</subfield><subfield code='f'>eng</subfield><subfield code='g'>nyu</subfield><subfield code='h'>0</subfield></datafield><datafield ind1=' ' ind2=' ' tag='910'><subfield code='a'>RL</subfield></datafield><datafield ind1='0' ind2='0' tag='907'><subfield code='a'>.b147480632</subfield></datafield><datafield ind1=' ' ind2=' ' tag='035'><subfield code='a'>(OCoLC)28373727</subfield></datafield><datafield ind1='8' ind2=' ' tag='852'><subfield code='h'>*ZP-*PYS n.c. 7-10</subfield><subfield code='0'>16391650</subfield><subfield code='b'>scsbnypl</subfield></datafield><datafield ind1=' ' ind2=' ' tag='876'><subfield code='0'>16391650</subfield><subfield code='a'>23151869</subfield><subfield code='h'>In Library Use</subfield><subfield code='j'>Available</subfield><subfield code='p'>33433088946219</subfield><subfield code='t'>1</subfield><subfield code='x'>Shared</subfield><subfield code='z'>NA</subfield><subfield code='l'>RECAP</subfield></datafield><datafield ind1='8' ind2=' ' tag='852'><subfield code='h'>*ZP-*PBM p.v. 252-258 [Microfilm]</subfield><subfield code='0'>16444123</subfield><subfield code='b'>scsbnypl</subfield></datafield><datafield ind1=' ' ind2=' ' tag='876'><subfield code='0'>16444123</subfield><subfield code='a'>23208320</subfield><subfield code='h'>In Library Use</subfield><subfield code='j'>Available</subfield><subfield code='p'>33433075425425</subfield><subfield code='t'>1</subfield><subfield code='x'>Shared</subfield><subfield code='z'>NA</subfield><subfield code='l'>RECAP</subfield></datafield></record>