
<record><leader>00936cam a2200289   4500</leader><controlfield tag='001'>SCSB-3450534</controlfield><controlfield tag='003'>NNC</controlfield><controlfield tag='005'>20220609025259.0</controlfield><controlfield tag='008'>750926t19651965xx            000 0 eng d</controlfield><controlfield tag='009'>1916842</controlfield><datafield ind1=' ' ind2=' ' tag='015'><subfield code='a'>GB65-9592</subfield></datafield><datafield ind1=' ' ind2=' ' tag='035'><subfield code='a'>(OCoLC)ocm01658940</subfield></datafield><datafield ind1=' ' ind2=' ' tag='035'><subfield code='9'>AMB2212CU</subfield></datafield><datafield ind1=' ' ind2=' ' tag='035'><subfield code='a'>(NNC)1916842</subfield></datafield><datafield ind1=' ' ind2=' ' tag='035'><subfield code='a'>1916842</subfield></datafield><datafield ind1=' ' ind2=' ' tag='040'><subfield code='a'>IXA</subfield><subfield code='c'>IXA</subfield><subfield code='d'>UKM</subfield><subfield code='d'>ZCU</subfield></datafield><datafield ind1='1' ind2=' ' tag='041'><subfield code='a'>engfrerus</subfield></datafield><datafield ind1='0' ind2='4' tag='082'><subfield code='a'>759.7</subfield><subfield code='2'>18</subfield></datafield><datafield ind1='1' ind2=' ' tag='100'><subfield code='a'>Chagall, Marc,</subfield><subfield code='d'>1887-1985.</subfield><subfield code='0'>http://id.loc.gov/authorities/names/n79043105</subfield></datafield><datafield ind1='1' ind2='0' tag='245'><subfield code='a'>My life /</subfield><subfield code='c'>[English version by Dorothy Williams]</subfield></datafield><datafield ind1=' ' ind2=' ' tag='260'><subfield code='a'>London :</subfield><subfield code='b'>P. Owen,</subfield><subfield code='c'>[1965], [©1965]</subfield></datafield><datafield ind1=' ' ind2=' ' tag='300'><subfield code='a'>171 pages :</subfield><subfield code='b'>illustrations ;</subfield><subfield code='c'>23 cm</subfield></datafield><datafield ind1=' ' ind2=' ' tag='336'><subfield code='a'>text</subfield><subfield code='b'>txt</subfield><subfield code='2'>rdacontent</subfield></datafield><datafield ind1=' ' ind2=' ' tag='337'><subfield code='a'>unmediated</subfield><subfield code='b'>n</subfield><subfield code='2'>rdamedia</subfield></datafield><datafield ind1='1' ind2='0' tag='600'><subfield code='a'>Chagall, Marc,</subfield><subfield code='d'>1887-1985.</subfield><subfield code='0'>http://id.loc.gov/authorities/names/n79043105</subfield></datafield><datafield ind1='1' ind2=' ' tag='700'><subfield code='a'>Owen, Dorothy,</subfield><subfield code='e'>translator.</subfield><subfield code='4'>http://id.loc.gov/vocabulary/relators/trl</subfield></datafield><datafield ind1='8' ind2='0' tag='852'><subfield code='h'>ND689 C34 C347</subfield><subfield code='0'>3436223</subfield><subfield code='b'>scsbcul</subfield></datafield><datafield ind1=' ' ind2=' ' tag='876'><subfield code='0'>3436223</subfield><subfield code='a'>5165359</subfield><subfield code='h'>In Library Use</subfield><subfield code='j'>Available</subfield><subfield code='p'>AR62779419</subfield><subfield code='t'>1</subfield><subfield code='x'>Shared</subfield><subfield code='z'>AR</subfield><subfield code='l'>RECAP</subfield></datafield></record>