
<record><leader>00000nam a22002654a 4500</leader><controlfield tag='001'>SCSB-10905509</controlfield><controlfield tag='005'>20060523213641.0</controlfield><controlfield tag='008'>060410s2006    miua   b      000 0beng  </controlfield><controlfield tag='009'>990099186700203941</controlfield><datafield ind1=' ' ind2=' ' tag='010'><subfield code='a'>^^2005018480</subfield></datafield><datafield ind1=' ' ind2=' ' tag='020'><subfield code='a'>0802853056</subfield></datafield><datafield ind1=' ' ind2=' ' tag='035'><subfield code='a'>(OCoLC)60798459</subfield><subfield code='z'>(OCoLC)159956756</subfield><subfield code='z'>(OCoLC)1022638359</subfield><subfield code='z'>(OCoLC)1305887329</subfield></datafield><datafield ind1=' ' ind2=' ' tag='040'><subfield code='a'>DLC</subfield><subfield code='c'>DLC</subfield><subfield code='d'>IG#</subfield><subfield code='d'>BAKER</subfield><subfield code='d'>DLC</subfield><subfield code='d'>MH</subfield></datafield><datafield ind1=' ' ind2=' ' tag='043'><subfield code='a'>e-ru---</subfield></datafield><datafield ind1='0' ind2='0' tag='050'><subfield code='a'>N6999.C46</subfield><subfield code='b'>L36 2006</subfield></datafield><datafield ind1='1' ind2=' ' tag='100'><subfield code='a'>Landmann, Bimba</subfield></datafield><datafield ind1='1' ind2='0' tag='245'><subfield code='a'>I am Marc Chagall :</subfield><subfield code='b'>text loosely inspired by My Life by Marc Chagall /</subfield><subfield code='c'>text and illustrations by Bimba Landmann.</subfield></datafield><datafield ind1=' ' ind2=' ' tag='260'><subfield code='a'>Grand Rapids, Mich. :</subfield><subfield code='b'>Eerdmans Books for Young Readers,</subfield><subfield code='c'>2006.</subfield></datafield><datafield ind1=' ' ind2=' ' tag='300'><subfield code='a'>1 v. (unpaged) :</subfield><subfield code='b'>col. ill. ;</subfield><subfield code='c'>32 cm.</subfield></datafield><datafield ind1='1' ind2=' ' tag='490'><subfield code='a'>Eerdmans books for young readers</subfield></datafield><datafield ind1=' ' ind2=' ' tag='521'><subfield code='a'>Ages 5 and up.</subfield></datafield><datafield ind1=' ' ind2=' ' tag='520'><subfield code='a'>Presents a biography of the Russian artist from his point of view, detailing his struggle to find acceptance for his work and his why he chose the themes he did for his art.</subfield></datafield><datafield ind1='1' ind2='0' tag='600'><subfield code='a'>Chagall, Marc,</subfield><subfield code='d'>1887-1985</subfield><subfield code='v'>Juvenile literature.</subfield></datafield><datafield ind1=' ' ind2='0' tag='650'><subfield code='a'>Jewish artists</subfield><subfield code='z'>Russia (Federation)</subfield><subfield code='v'>Biography</subfield><subfield code='v'>Juvenile literature.</subfield></datafield><datafield ind1=' ' ind2='0' tag='650'><subfield code='a'>Artists</subfield><subfield code='z'>Russia (Federation)</subfield><subfield code='v'>Biography</subfield><subfield code='v'>Juvenile literature.</subfield></datafield><datafield ind1=' ' ind2='0' tag='655'><subfield code='a'>Picture books for children</subfield><subfield code='v'>Juvenile literature.</subfield></datafield><datafield ind1=' ' ind2='7' tag='655'><subfield code='a'>Biographies</subfield><subfield code='2'>fast</subfield><subfield code='0'>(OCoLC)fst01919896</subfield></datafield><datafield ind1=' ' ind2='7' tag='655'><subfield code='a'>Juvenile works</subfield><subfield code='2'>fast</subfield><subfield code='0'>(OCoLC)fst01411637</subfield></datafield><datafield ind1=' ' ind2='7' tag='655'><subfield code='a'>Picture books</subfield><subfield code='2'>fast</subfield><subfield code='0'>(OCoLC)fst01726789</subfield></datafield><datafield ind1=' ' ind2='7' tag='655'><subfield code='a'>Picture books for children</subfield><subfield code='v'>Juvenile literature.</subfield><subfield code='2'>lcgft</subfield></datafield><datafield ind1='1' ind2=' ' tag='700'><subfield code='a'>Chagall, Marc,</subfield><subfield code='d'>1887-1985.</subfield><subfield code='t'>Ma vie.</subfield></datafield><datafield ind1=' ' ind2='0' tag='830'><subfield code='a'>Eerdmans books for young readers</subfield></datafield><datafield ind1='1' ind2=' ' tag='583'><subfield code='a'>committed to retain</subfield><subfield code='c'>20181001</subfield><subfield code='d'>in perpetuity</subfield><subfield code='f'>ReCAP Shared Collection</subfield><subfield code='5'>HUL</subfield><subfield code='8'>222103676420003941</subfield></datafield><datafield ind1='0' ind2=' ' tag='852'><subfield code='c'>HD</subfield><subfield code='h'>N6999.C46</subfield><subfield code='i'>L36 2006</subfield><subfield code='0'>11698632</subfield><subfield code='b'>scsbhl</subfield></datafield><datafield ind1=' ' ind2=' ' tag='876'><subfield code='0'>11698632</subfield><subfield code='a'>17447288</subfield><subfield code='h'> </subfield><subfield code='j'>Available</subfield><subfield code='k'>WID</subfield><subfield code='p'>32044082493198</subfield><subfield code='x'>Shared</subfield><subfield code='z'>HW</subfield><subfield code='l'>HD</subfield></datafield></record>