
<record><leader>00000cam a2200337 a 4500</leader><controlfield tag='001'>SCSB-10402221</controlfield><controlfield tag='005'>20070730113934.0</controlfield><controlfield tag='008'>060623s2007    nyua     b    000 0beng  </controlfield><controlfield tag='009'>990109993390203941</controlfield><datafield ind1=' ' ind2=' ' tag='010'><subfield code='a'>^^2006021080</subfield></datafield><datafield ind1=' ' ind2=' ' tag='020'><subfield code='a'>0805242015</subfield></datafield><datafield ind1=' ' ind2=' ' tag='020'><subfield code='a'>9780805242010</subfield></datafield><datafield ind1=' ' ind2=' ' tag='035'><subfield code='a'>(MH)010999339HVD01-Aleph</subfield></datafield><datafield ind1=' ' ind2=' ' tag='035'><subfield code='a'>(OCoLC)70176922</subfield></datafield><datafield ind1=' ' ind2=' ' tag='040'><subfield code='a'>DLC</subfield><subfield code='c'>DLC</subfield><subfield code='d'>BAKER</subfield><subfield code='d'>BTCTA</subfield><subfield code='d'>BIB</subfield><subfield code='d'>GK8</subfield><subfield code='d'>YDXCP</subfield><subfield code='d'>C#P</subfield><subfield code='d'>VP@</subfield><subfield code='d'>DLC</subfield></datafield><datafield ind1=' ' ind2=' ' tag='043'><subfield code='a'>e-ru---</subfield></datafield><datafield ind1='0' ind2='0' tag='050'><subfield code='a'>N6999.C46</subfield><subfield code='b'>W55 2007</subfield></datafield><datafield ind1=' ' ind2='4' tag='060'><subfield code='a'>000130100</subfield></datafield><datafield ind1='0' ind2='0' tag='082'><subfield code='a'>709.2</subfield><subfield code='a'>B</subfield><subfield code='2'>22</subfield></datafield><datafield ind1='1' ind2=' ' tag='100'><subfield code='a'>Wilson, Jonathan,</subfield><subfield code='d'>1950-</subfield></datafield><datafield ind1='1' ind2='0' tag='245'><subfield code='a'>Marc Chagall /</subfield><subfield code='c'>Jonathan Wilson.</subfield></datafield><datafield ind1=' ' ind2=' ' tag='250'><subfield code='a'>1st ed.</subfield></datafield><datafield ind1=' ' ind2=' ' tag='260'><subfield code='a'>New York :</subfield><subfield code='b'>Nextbook-Schocken,</subfield><subfield code='c'>c2007.</subfield></datafield><datafield ind1=' ' ind2=' ' tag='300'><subfield code='a'>xi, 237 p. :</subfield><subfield code='b'>ill. ;</subfield><subfield code='c'>20 cm.</subfield></datafield><datafield ind1='1' ind2=' ' tag='490'><subfield code='a'>Jewish encounters</subfield></datafield><datafield ind1=' ' ind2=' ' tag='504'><subfield code='a'>Includes bibliographical references (p. [223-224]).</subfield></datafield><datafield ind1=' ' ind2=' ' tag='520'><subfield code='a'>A portrait of one of the twentieth century&apos;s leading artists, Marc Chagall, reveals how his work reflects both a nostalgia for the vanished past and Jewish life in the early twentieth century, and his attraction to the secular goals and mores of modernism.</subfield></datafield><datafield ind1='0' ind2=' ' tag='505'><subfield code='a'>1. Vitebsk: My Father, My Mother and Myself -- 2. St. Petersburg: Self Portrait With Muse -- 3. Paris : Self-Portrait With Seven Fingers -- 4. Bella: To Russia, Asses and Others -- 5. Return to Vitebsk: The Red Jew -- 6. Yiddish Theater: Love on the Stage -- 7. Berlin: Flowers in the Street, Fire in the Snow -- 8. Paris: I and the Village -- 9. Palestine -- 10: Paris, Vilna, Paris -- 11. Villentroy, Gordes, Marseilles -- 12. New York: &quot;Everything has become a shadow.&quot; -- 13. High Falls: Virginia -- 14. Orgeval -- 15. A Problem of Conscience -- 16: Vava -- 17. Blessings -- Coda -- Bibliographical Essay -- Chronology</subfield></datafield><datafield ind1='1' ind2='0' tag='600'><subfield code='a'>Chagall, Marc,</subfield><subfield code='d'>1887-1985</subfield></datafield><datafield ind1=' ' ind2='0' tag='650'><subfield code='a'>Jewish artists</subfield><subfield code='z'>Russia (Federation)</subfield><subfield code='v'>Biography.</subfield></datafield><datafield ind1=' ' ind2='7' tag='655'><subfield code='a'>Biographies</subfield><subfield code='2'>fast</subfield></datafield><datafield ind1=' ' ind2='7' tag='655'><subfield code='a'>Biographies</subfield><subfield code='2'>fast</subfield><subfield code='0'>(OCoLC)fst01423686</subfield></datafield><datafield ind1=' ' ind2='0' tag='830'><subfield code='a'>Jewish encounters.</subfield></datafield><datafield ind1='1' ind2=' ' tag='583'><subfield code='a'>committed to retain</subfield><subfield code='c'>20181001</subfield><subfield code='d'>in perpetuity</subfield><subfield code='f'>ReCAP Shared Collection</subfield><subfield code='5'>HUL</subfield><subfield code='8'>222110412860003941</subfield></datafield><datafield ind1='8' ind2=' ' tag='852'><subfield code='c'>HD</subfield><subfield code='0'>11176449</subfield><subfield code='b'>scsbhl</subfield></datafield><datafield ind1=' ' ind2=' ' tag='876'><subfield code='0'>11176449</subfield><subfield code='a'>16900392</subfield><subfield code='h'> </subfield><subfield code='j'>Available</subfield><subfield code='k'>FAL</subfield><subfield code='p'>FL4WYZ</subfield><subfield code='x'>Shared</subfield><subfield code='z'>FL</subfield><subfield code='l'>HD</subfield></datafield></record>