
<record><leader>00000cam a2200409 i 4500</leader><controlfield tag='001'>SCSB-12590086</controlfield><controlfield tag='005'>20130205224653.0</controlfield><controlfield tag='008'>111219s2012    cau           000 0 eng  </controlfield><controlfield tag='009'>990136097310203941</controlfield><datafield ind1=' ' ind2=' ' tag='010'><subfield code='a'>^^2011945743</subfield></datafield><datafield ind1=' ' ind2=' ' tag='020'><subfield code='a'>9780987870551 (pbk. : alk. paper)</subfield></datafield><datafield ind1=' ' ind2=' ' tag='020'><subfield code='a'>0987870556 (pbk. : alk. paper)</subfield></datafield><datafield ind1=' ' ind2=' ' tag='035'><subfield code='a'>(OCoLC)795178054</subfield></datafield><datafield ind1=' ' ind2=' ' tag='040'><subfield code='a'>DLC</subfield><subfield code='e'>rda</subfield><subfield code='b'>eng</subfield><subfield code='c'>DLC</subfield><subfield code='d'>BTCTA</subfield><subfield code='d'>NUI</subfield><subfield code='d'>CDX</subfield><subfield code='d'>BDX</subfield><subfield code='d'>YDXCP</subfield><subfield code='d'>BWX</subfield></datafield><datafield ind1=' ' ind2=' ' tag='042'><subfield code='a'>pcc</subfield></datafield><datafield ind1='0' ind2='0' tag='050'><subfield code='a'>PS3603.A5875</subfield><subfield code='b'>L54 2012</subfield></datafield><datafield ind1='0' ind2='0' tag='082'><subfield code='a'>811/.6</subfield><subfield code='2'>23</subfield></datafield><datafield ind1='1' ind2=' ' tag='100'><subfield code='a'>Cantor, Michael.</subfield></datafield><datafield ind1='1' ind2='0' tag='240'><subfield code='a'>Poems.</subfield><subfield code='k'>Selections</subfield></datafield><datafield ind1='1' ind2='0' tag='245'><subfield code='a'>Life in the second circle :</subfield><subfield code='b'>poems /</subfield><subfield code='c'>by Michael Cantor.</subfield></datafield><datafield ind1=' ' ind2='1' tag='264'><subfield code='a'>San Jose, CA :</subfield><subfield code='b'>Able Muse Press,</subfield><subfield code='c'>[2012]</subfield></datafield><datafield ind1=' ' ind2=' ' tag='300'><subfield code='a'>xv, 111 pages ;</subfield><subfield code='c'>23 cm</subfield></datafield><datafield ind1=' ' ind2=' ' tag='336'><subfield code='a'>text</subfield><subfield code='2'>rdacontent</subfield></datafield><datafield ind1=' ' ind2=' ' tag='337'><subfield code='a'>unmediated</subfield><subfield code='2'>rdamedia</subfield></datafield><datafield ind1=' ' ind2=' ' tag='338'><subfield code='a'>volume</subfield><subfield code='2'>rdacarrier</subfield></datafield><datafield ind1=' ' ind2=' ' tag='520'><subfield code='a'>This volume is the first collection from the author, finalist in the 2011 Able Muse Book Award. His poetry globe-trots in time and place. It teems with such culturally diverse characters and scenes as Genghis Khan and Muhammad Ali; a pithy mise-en-scene of a Venice travelogue; Brighton Beach in Florida and its natives or turistas; and what can happen in Japan on tatami mats or behind shoji screens, whether you are a geisha or samurai or gaijin. His themes span the mystical to the hard-edged and &quot;badass,&quot; fluently deployed in formal poems in received or nonce forms and free verse. From the narrative to the imagistic and even the surreal, his versecraft is eclectic, brimming with wit and wisdom, and realized with the craft of a master storyteller. He has created a collection of unique pleasures.</subfield></datafield><datafield ind1='0' ind2=' ' tag='505'><subfield code='a'>The Young Men in Their Beauty. For Harry, who had three passports ; The man who painted women ; Box men ; Jump-cut ; Japanese for beginners: &quot;Ronin&quot; ; The book of five rings ; The journalist ; The man who caught the pass ; The Rabbi&apos;s son ; The sugar man ; Freshly shaved and barbered well ; Solo ; The zealot tries on a burka ; The unidentified speaks ; The pundit. -- Encounter at the Hotel Moskva. In the district of the translators ; Antwerp ; Venetian Aubade ; The book of tea ; &quot;Katachi&quot; ; An incident of honor at Bar Manos in Akasaka ; Travel memoir ; Ceremonies ; Christina&apos;s fantasy ; Paul Delvaux&apos;s women ; Variation on a theme by Marc Chagall ; Hexagram ; Sketches from Route 1 ; Still life ; Overheard at Park and Fifty-Third ; Navajo country ; Two love stories ; Awaiting departure ; Prologue. -- Buying Sneakers. Penelope lunches with friends ; Buster and Etta ; Retired, living in seclusion near Las Vegas, Khan reflects ; Caveat emptor ; Her latest girlfriend stole the silk tabriz and left a cat behind ; Dinner at the Inn of the Anasazi ; A Brighton Beach princess remembers the past ; Jane ; Where are the negligees of Anthony? -- There Was a Woman Once. Never mind ; Crossing Brooklyn Bridge at night ; Summer Island ; Pretty &quot;Gaijin&quot; boys have often been her weakness ; Two tales from the east ; In the spring of 1978 ; For Trudy, in New York on business ; Looking back ; The performer ; A game of &quot;Go&quot; -- Life in the Second Circle. What would the wind drive? ; Aubadergine ; Renate ; Because she fell out of her yoga pose ; Watchfulwaiting ; At the crafts museum at Asheville ; Watching reruns ; Muhammad Ali entered my dream just to say hello ; The river children come of age ; Death watch.</subfield></datafield><datafield ind1=' ' ind2='0' tag='650'><subfield code='a'>American poetry</subfield><subfield code='y'>21st century</subfield></datafield><datafield ind1=' ' ind2='7' tag='648'><subfield code='a'>2000-2099</subfield><subfield code='2'>fast</subfield></datafield><datafield ind1=' ' ind2='2' tag='655'><subfield code='a'>Poetry</subfield></datafield><datafield ind1=' ' ind2='7' tag='655'><subfield code='a'>poetry.</subfield><subfield code='2'>aat</subfield></datafield><datafield ind1=' ' ind2='7' tag='655'><subfield code='a'>Poetry</subfield><subfield code='2'>fast</subfield><subfield code='0'>(OCoLC)fst01423828</subfield></datafield><datafield ind1=' ' ind2='7' tag='655'><subfield code='a'>Poetry</subfield><subfield code='2'>lcgft</subfield></datafield><datafield ind1=' ' ind2='7' tag='655'><subfield code='a'>Poésie.</subfield><subfield code='2'>rvmgf</subfield></datafield><datafield ind1='1' ind2=' ' tag='700'><subfield code='a'>Warren, Deborah,</subfield><subfield code='d'>1946-</subfield><subfield code='e'>author of foreword.</subfield></datafield><datafield ind1='1' ind2=' ' tag='583'><subfield code='a'>committed to retain</subfield><subfield code='c'>20181001</subfield><subfield code='d'>in perpetuity</subfield><subfield code='f'>ReCAP Shared Collection</subfield><subfield code='5'>HUL</subfield><subfield code='8'>222160643500003941</subfield></datafield><datafield ind1='0' ind2=' ' tag='852'><subfield code='c'>HD</subfield><subfield code='h'>PS3603.A5875</subfield><subfield code='i'>L54 2012</subfield><subfield code='0'>13432359</subfield><subfield code='b'>scsbhl</subfield></datafield><datafield ind1=' ' ind2=' ' tag='876'><subfield code='0'>13432359</subfield><subfield code='a'>19248183</subfield><subfield code='h'> </subfield><subfield code='j'>Available</subfield><subfield code='k'>WID</subfield><subfield code='p'>32044120165055</subfield><subfield code='x'>Shared</subfield><subfield code='z'>HW</subfield><subfield code='l'>HD</subfield></datafield></record>