
<record><leader>00000cam a22005778i 4500</leader><controlfield tag='001'>SCSB-11406461</controlfield><controlfield tag='005'>20150822224932.0</controlfield><controlfield tag='008'>150129s2015    nyua          000 0aeng  </controlfield><controlfield tag='009'>990144677730203941</controlfield><datafield ind1=' ' ind2=' ' tag='010'><subfield code='a'>^^2014039359</subfield></datafield><datafield ind1=' ' ind2=' ' tag='020'><subfield code='a'>9780807600160</subfield></datafield><datafield ind1=' ' ind2=' ' tag='020'><subfield code='a'>0807600164</subfield></datafield><datafield ind1=' ' ind2=' ' tag='035'><subfield code='a'>(OCoLC)902599198</subfield><subfield code='z'>(OCoLC)907103794</subfield><subfield code='z'>(OCoLC)930771509</subfield></datafield><datafield ind1=' ' ind2=' ' tag='040'><subfield code='a'>DLC</subfield><subfield code='b'>eng</subfield><subfield code='e'>rda</subfield><subfield code='c'>DLC</subfield><subfield code='d'>OCLCF</subfield><subfield code='d'>BDX</subfield><subfield code='d'>BTCTA</subfield><subfield code='d'>FM0</subfield><subfield code='d'>YDXCP</subfield></datafield><datafield ind1=' ' ind2=' ' tag='042'><subfield code='a'>pcc</subfield></datafield><datafield ind1=' ' ind2=' ' tag='043'><subfield code='a'>n-us-ny</subfield></datafield><datafield ind1='0' ind2='0' tag='050'><subfield code='a'>Z473.B794</subfield><subfield code='b'>B73 2015</subfield></datafield><datafield ind1='0' ind2='0' tag='082'><subfield code='a'>070.509747/1</subfield><subfield code='2'>23</subfield></datafield><datafield ind1='1' ind2=' ' tag='100'><subfield code='a'>Braziller, George,</subfield><subfield code='d'>1916-</subfield></datafield><datafield ind1='1' ind2='0' tag='245'><subfield code='a'>Encounters :</subfield><subfield code='b'>my life in publishing /</subfield><subfield code='c'>by George Braziller.</subfield></datafield><datafield ind1=' ' ind2='1' tag='264'><subfield code='a'>New York :</subfield><subfield code='b'>George Braziller,</subfield><subfield code='c'>[2015]</subfield></datafield><datafield ind1=' ' ind2=' ' tag='300'><subfield code='a'>150 pages :</subfield><subfield code='b'>illustrations, some color ;</subfield><subfield code='c'>23 cm</subfield></datafield><datafield ind1=' ' ind2=' ' tag='336'><subfield code='a'>text</subfield><subfield code='2'>rdacontent</subfield></datafield><datafield ind1=' ' ind2=' ' tag='337'><subfield code='a'>unmediated</subfield><subfield code='2'>rdamedia</subfield></datafield><datafield ind1=' ' ind2=' ' tag='338'><subfield code='a'>volume</subfield><subfield code='2'>rdacarrier</subfield></datafield><datafield ind1='0' ind2=' ' tag='505'><subfield code='a'>The street -- Huntington Station -- My first dance -- Alpacuna -- The Spanish Civil War -- Marsha -- The Book Find Club -- Richard Seaver -- World War II -- Boot camp -- Going overseas -- About the book -- After the war -- Starting out -- Frankfurt -- The Tale of Genji -- American artists -- Arthur Miller &amp; Marilyn Monroe -- The question -- Michael Kruger on my 80th birthday -- The Hours of Catherine of Cleves -- Janet Frame -- &quot;Pretty Diane&quot; -- Meyer Schapiro -- The interns -- Miró -- Nathalie Sarraute -- Richard Howard -- Ronald Glasser&apos;s 365 days -- Ned Rorem -- The Brooklyn Book Festival Award -- Unsolicited manuscripts -- Great drawings of the Louvre Museum -- Orhan Pamuk -- Alessandra Comini -- Let America be America again -- Albert Einstein -- Will Barnet -- Australia -- Salman Rushdie -- Samuel Menasche -- Fresco cycles of the Renaissance -- From haven to home -- Afghanistan -- Marc Chagall -- Anselm Kiefer -- Dorothea Tanning -- Architecture -- Hercules Segers -- One hundred famous views of Edo -- Greece -- Ben Shahn -- Anne Frank -- William Caxton&apos;s Metamorphoses -- Huffington Post -- Pablo Picasso -- Henri Matisse&apos;s Jazz -- Cry out : poets protest the war -- Richard Minsky -- Norman Rosten -- Jim&apos;s painting -- Golf -- &quot;The tyranny of time&quot; -- Dialogue -- Looking back.</subfield></datafield><datafield ind1=' ' ind2=' ' tag='520'><subfield code='a'>In his memoir, Encounters, completed at age 99, George Braziller, the groundbreaking independent publisher, describes in vivid detail going to work at age 16 in Depression-Era Brooklyn, his political awakening with the Spanish Civil War, his service in World War II, and his bold adventures in publishing. He recounts his start as a shipping clerk, his founding of book clubs and then his time at the helm of his publishing house, which for 60 years has brought influential books on art, architecture, poetry, fiction and non-fiction to many readers. Encounters offers glimpses behind the scenes with artists and authors, including Picasso, Orhan Pamuk, Arthur Miller and Marilyn Monroe.</subfield></datafield><datafield ind1='1' ind2='0' tag='600'><subfield code='a'>Braziller, George,</subfield><subfield code='d'>1916-</subfield></datafield><datafield ind1=' ' ind2='0' tag='650'><subfield code='a'>Publishers and publishing</subfield><subfield code='z'>New York (State)</subfield><subfield code='z'>New York</subfield><subfield code='v'>Biography.</subfield></datafield><datafield ind1='2' ind2='0' tag='610'><subfield code='a'>George Braziller, Inc.</subfield><subfield code='x'>History.</subfield></datafield><datafield ind1='1' ind2='0' tag='600'><subfield code='a'>Braziller, George,</subfield><subfield code='d'>1916-</subfield><subfield code='x'>Friends and associates.</subfield></datafield><datafield ind1=' ' ind2='0' tag='650'><subfield code='a'>Authors and publishers</subfield><subfield code='x'>History</subfield><subfield code='y'>20th century.</subfield></datafield><datafield ind1='1' ind2='7' tag='600'><subfield code='a'>Braziller, George,</subfield><subfield code='d'>1916-2017</subfield><subfield code='2'>fast</subfield><subfield code='0'>(OCoLC)fst01613859</subfield></datafield><datafield ind1='2' ind2='7' tag='610'><subfield code='a'>George Braziller, Inc.</subfield><subfield code='2'>fast</subfield><subfield code='0'>(OCoLC)fst01613861</subfield></datafield><datafield ind1=' ' ind2='7' tag='650'><subfield code='a'>Authors and publishers</subfield><subfield code='2'>fast</subfield><subfield code='0'>(OCoLC)fst00821733</subfield></datafield><datafield ind1=' ' ind2='7' tag='650'><subfield code='a'>Friendship</subfield><subfield code='2'>fast</subfield><subfield code='0'>(OCoLC)fst00935174</subfield></datafield><datafield ind1=' ' ind2='7' tag='650'><subfield code='a'>Publishers and publishing</subfield><subfield code='2'>fast</subfield><subfield code='0'>(OCoLC)fst01083463</subfield></datafield><datafield ind1=' ' ind2='7' tag='651'><subfield code='a'>New York (State)</subfield><subfield code='z'>New York</subfield><subfield code='2'>fast</subfield><subfield code='0'>(OCoLC)fst01204333</subfield></datafield><datafield ind1=' ' ind2='7' tag='648'><subfield code='a'>1900 - 1999</subfield><subfield code='2'>fast</subfield></datafield><datafield ind1=' ' ind2='7' tag='655'><subfield code='a'>Biographies</subfield><subfield code='2'>fast</subfield><subfield code='0'>(OCoLC)fst01423686</subfield></datafield><datafield ind1=' ' ind2='7' tag='655'><subfield code='a'>History</subfield><subfield code='2'>fast</subfield><subfield code='0'>(OCoLC)fst01411628</subfield></datafield><datafield ind1=' ' ind2='7' tag='655'><subfield code='a'>Biographies</subfield><subfield code='2'>fast</subfield></datafield><datafield ind1=' ' ind2='7' tag='655'><subfield code='a'>History.</subfield><subfield code='2'>fast</subfield></datafield><datafield ind1=' ' ind2='7' tag='655'><subfield code='a'>Autobiographies</subfield><subfield code='2'>lcgft</subfield></datafield><datafield ind1='1' ind2=' ' tag='583'><subfield code='a'>committed to retain</subfield><subfield code='c'>20181001</subfield><subfield code='d'>in perpetuity</subfield><subfield code='f'>ReCAP Shared Collection</subfield><subfield code='5'>HUL</subfield><subfield code='8'>222178899970003941</subfield></datafield><datafield ind1='0' ind2=' ' tag='852'><subfield code='c'>HD</subfield><subfield code='h'>Z473.B794</subfield><subfield code='i'>B73 2015</subfield><subfield code='0'>12214344</subfield><subfield code='b'>scsbhl</subfield></datafield><datafield ind1=' ' ind2=' ' tag='876'><subfield code='0'>12214344</subfield><subfield code='a'>17982578</subfield><subfield code='h'> </subfield><subfield code='j'>Available</subfield><subfield code='k'>WID</subfield><subfield code='p'>32044134303510</subfield><subfield code='x'>Shared</subfield><subfield code='z'>HW</subfield><subfield code='l'>HD</subfield></datafield></record>