
<record><leader>05161pam a2200337 a 4500</leader><controlfield tag='001'>SCSB-10764924</controlfield><controlfield tag='005'>20020606163548.3</controlfield><controlfield tag='008'>960506r19961967nyub     b    001 0 eng  </controlfield><controlfield tag='009'>990072671130203941</controlfield><datafield ind1=' ' ind2=' ' tag='010'><subfield code='a'>^^^96008858^</subfield></datafield><datafield ind1=' ' ind2=' ' tag='020'><subfield code='a'>0815604238 (pbk. : alk. paper)</subfield></datafield><datafield ind1=' ' ind2=' ' tag='035'><subfield code='a'>(OCoLC)34704915</subfield></datafield><datafield ind1=' ' ind2=' ' tag='040'><subfield code='a'>DLC</subfield><subfield code='c'>DLC</subfield><subfield code='d'>DLC</subfield></datafield><datafield ind1=' ' ind2=' ' tag='043'><subfield code='a'>ee-----</subfield></datafield><datafield ind1='0' ind2='0' tag='050'><subfield code='a'>DS135.E8</subfield><subfield code='b'>G65 1996</subfield></datafield><datafield ind1='0' ind2='0' tag='082'><subfield code='a'>947/.004924</subfield><subfield code='2'>20</subfield></datafield><datafield ind1='0' ind2='4' tag='245'><subfield code='a'>The golden tradition :</subfield><subfield code='b'>Jewish life and thought in Eastern Europe /</subfield><subfield code='c'>[edited by] Lucy S. Dawidowicz.</subfield></datafield><datafield ind1=' ' ind2=' ' tag='250'><subfield code='a'>1st Syracuse University Press ed.</subfield></datafield><datafield ind1=' ' ind2=' ' tag='260'><subfield code='a'>Syracuse, N.Y. :</subfield><subfield code='b'>Syracuse University Press,</subfield><subfield code='c'>1996.</subfield></datafield><datafield ind1=' ' ind2=' ' tag='300'><subfield code='a'>502 p. :</subfield><subfield code='b'>maps ;</subfield><subfield code='c'>21 cm.</subfield></datafield><datafield ind1='1' ind2=' ' tag='490'><subfield code='a'>Modern Jewish history</subfield></datafield><datafield ind1=' ' ind2=' ' tag='500'><subfield code='a'>Originally published: New York : Holt, Rinehart, and Winston, 1967.</subfield></datafield><datafield ind1=' ' ind2=' ' tag='504'><subfield code='a'>Includes bibliographical references (p. 493-495) and index.</subfield></datafield><datafield ind1='0' ind2=' ' tag='505'><subfield code='a'>Introduction : the world of East European Jewry -- Preamble : contours of East European Jewry -- Hasidism and Haskala -- Education, reform and assimilation -- New religions : science, progress, humanity -- National renewal -- Jewish politics : under despotism and dictatorship -- Opening the gates -- Early Hasidism -- The proselytizer : Zusya of Annopol -- A hasid prays for Napoleon : Menahem Mendel of Rymanow -- Hasid of inwardness : Simha Bunam -- How to werve god : four tales. He walked humbly / Pinhas Zelig Gliksman -- Rebbe of mystery : Menahem Mendel of Kotsk. I am not a god : a hasidic tale. Menahem Mendel&apos;s hasidic mode / Pinhas Zelig Gliksman -- The rebbe of Lubavich bests count Uvarov / Chaim Meir Hellman -- The Haskala -- I served Haskala in Russia / Abraham Ber Gottlober -- Rebel and penitent : Moses Leib Lilienblum / Moses Leib Lilienblum -- He was called Lilienblum / David Frischman -- Lion of poets, pilot of reform : Judah Leib Gordon. An entry in my diary / Judah Leib Gordon -- I meet the mountain lion / Gershom Bader -- A pilgrimage to Peretz Smolenskin / Samuel Leib Citron -- The quest for education -- My near- conversion / Solomon Maimon -- My educational mission in Russia / Max Lilienthal -- From Shtetl to the capital / Lev Ossipovich Mandelstamm -- Memoirs of a grandmother / Pauline Wengeroff --</subfield></datafield><datafield ind1='0' ind2=' ' tag='505'><subfield code='a'>(cont.)The world of tradition -- Truth and legend about Israel Salanter / Jacob Mark -- The old man of Slobodka / M. Gerz -- In the service of Isaac Elhanan Spektor / Jacob Halevy Lipshitz -- Upholder of the faith : the Rebbe of Belz / Joseph Margoshes -- The golden dynasty : Rebbe of Sadeger / Isaac Ewen -- The two lights of my life / Isaac Jacob Reines -- Mother of the Beth Jacob schools / Sarah Schenirer -- When Hasidim of Ger became newsmen / Moshe Prager -- From freethinker to believer / Nathan Birnbaum -- Scholars and philosophers -- On the death of Nahman Krochmal / Solomon J. Rapoport -- Under the sign of historicism / Simon Dubnow -- When lawyers studied history / Maxim M. Vinaver -- My father, Baron David / Sophie Gunzburg -- How I became a Yiddish linguist / Nokhum Shtif -- Balance sheet of a Jewish historian / Jacob Shatzky -- Literary men -- Notes for my literary biography / Mendele Mokher Sforim -- I become a Hebrew writer / Reuben Brainin --</subfield></datafield><datafield ind1='0' ind2=' ' tag='505'><subfield code='a'>(cont.)Isaac Leibush Peretz as we knew him. Master of a literary generation / Hersh D. Nomberg -- Peretz at home / Jehiel Isaiah Trunk -- Between two worlds : S. Ansky. I enlighten a shtetl / S. Ansky -- A half year with Ansky / Haykel Lunsky -- Torments of Berdichevski&apos;s last days / Fischel Lachower -- The arts -- Visiting Goldfaden, father of the Yiddish stage / David I. Silberbusch -- Joel Engel, champion of Jewish music / Jacob Weinberg -- What is a Jewish artist? / Marc Chagall -- Marginals -- Daniel Chwolson : a Christian Jew / David Gunzburg -- I confess to Dostoevsky / Abraham Uri Kovner -- Jan Bloch : the loyal convert / Nahum Sokolow -- Henri Bergson&apos;s old-Warsaw lineage / Nahum Sokolow -- Neither Pole nor Jew / Leopold Infeld -- In the Zionist movement -- One of the people : Ahad Ha&apos;am. A few facts of my life / Ahad Ha&apos;am -- The most important person in my life / Chaim Nahman Bialik -- My early days / Chaim Weizmann -- Defenders of the city / Schneur Zalman Shazar -- A mind of my own / Puah Rakowski -- Memoirs by my typewriter / Vladimir Jabotinsky --</subfield></datafield><datafield ind1='0' ind2=' ' tag='505'><subfield code='a'>(cont.)In the revolutionary movements -- Socialist Jews confront the pogroms / Pavel Borisovich Axelrod -- The Jewish factor in my socialism / Chaim Zhitlowsky -- When Yiddish literature became socialist / Abraham Liessin -- The youth of a Bundist / Vladimir Medem -- From Pole to Jew / Bronislaw Grosser -- A social democrat only / Leon Trotsky -- Memoirs of an assassin / Sholem Schwartzbard -- In political Life -- Jewish rights between Red and Black / Simon Dubnow -- A good Russian-A good Jew / Henrik Sliosberg -- In the first Russian Duma / Shmarya Levin -- Osias Thon : statesman of Polish Jews / Isaac Grynbaum.</subfield></datafield><datafield ind1='8' ind2=' ' tag='520'><subfield code='a'>A collection of documents from the 16th century to 1939, demonstrating the changes in Jewish life and thought in Eastern Europe, which includes writings by Bergson, Chagall, Weizmann and Trotsky.</subfield></datafield><datafield ind1=' ' ind2='0' tag='650'><subfield code='a'>Jews</subfield><subfield code='z'>Europe, Eastern.</subfield></datafield><datafield ind1=' ' ind2='0' tag='651'><subfield code='a'>Europe, Eastern</subfield><subfield code='x'>Ethnic relations.</subfield></datafield><datafield ind1=' ' ind2='4' tag='648'><subfield code='a'>Geistesgeschichte 1780-1939.</subfield></datafield><datafield ind1=' ' ind2='4' tag='648'><subfield code='a'>Geschichte 1780-1939.</subfield></datafield><datafield ind1=' ' ind2='7' tag='648'><subfield code='a'>Geistesgeschichte 1780-1939.</subfield><subfield code='2'>swd</subfield></datafield><datafield ind1=' ' ind2='7' tag='648'><subfield code='a'>Geschichte 1780-1939.</subfield><subfield code='2'>swd</subfield></datafield><datafield ind1='1' ind2=' ' tag='700'><subfield code='a'>Dawidowicz, Lucy S.</subfield></datafield><datafield ind1=' ' ind2='0' tag='830'><subfield code='a'>Modern Jewish history.</subfield></datafield><datafield ind1='1' ind2=' ' tag='583'><subfield code='a'>committed to retain</subfield><subfield code='c'>20181001</subfield><subfield code='d'>in perpetuity</subfield><subfield code='f'>ReCAP Shared Collection</subfield><subfield code='5'>HUL</subfield><subfield code='8'>222011995750003941</subfield></datafield><datafield ind1=' ' ind2='0' tag='966'><subfield code='8'>0</subfield><subfield code='a'>Copy 2.</subfield><subfield code='8'>222011995750003941</subfield></datafield><datafield ind1='0' ind2=' ' tag='852'><subfield code='c'>HD</subfield><subfield code='h'>DS135.E8</subfield><subfield code='i'>G65 1996</subfield><subfield code='z'>Consult Circ. Desk for Copy 2=HX1C79</subfield><subfield code='0'>11553911</subfield><subfield code='b'>scsbhl</subfield></datafield><datafield ind1=' ' ind2=' ' tag='876'><subfield code='0'>11553911</subfield><subfield code='a'>17297000</subfield><subfield code='h'> </subfield><subfield code='j'>Available</subfield><subfield code='k'>WID</subfield><subfield code='p'>HX1C79</subfield><subfield code='x'>Shared</subfield><subfield code='z'>HW</subfield><subfield code='l'>HD</subfield></datafield></record>