
<record><leader>00668nam a2200193   4500</leader><controlfield tag='001'>SCSB-6694955</controlfield><controlfield tag='005'>20060625140929.0</controlfield><controlfield tag='008'>900105t19661965xx     j      000 1 eng u</controlfield><controlfield tag='009'>.b175432272</controlfield><datafield ind1=' ' ind2=' ' tag='010'><subfield code='a'>   66013483</subfield></datafield><datafield ind1=' ' ind2=' ' tag='040'><subfield code='c'>WSU</subfield><subfield code='d'>OCL</subfield><subfield code='d'>BNY</subfield><subfield code='d'>UtOrBLW</subfield></datafield><datafield ind1=' ' ind2=' ' tag='091'><subfield code='p'>J</subfield><subfield code='a'>FIC</subfield><subfield code='c'>T</subfield></datafield><datafield ind1='1' ind2=' ' tag='100'><subfield code='a'>Treece, Henry,</subfield><subfield code='d'>1911-1966.</subfield></datafield><datafield ind1='1' ind2='0' tag='245'><subfield code='a'>Splintered sword.</subfield></datafield><datafield ind1=' ' ind2=' ' tag='260'><subfield code='b'>Duell, Sloan and Pearce,</subfield><subfield code='c'>[1966, c1965]</subfield></datafield><datafield ind1=' ' ind2=' ' tag='300'><subfield code='a'>135 p.</subfield></datafield><datafield ind1=' ' ind2=' ' tag='520'><subfield code='a'>In the last days of the Viking era, young Runolf of Orkney, sets out to seek his fortune. cf. Dust jacket.</subfield></datafield><datafield ind1=' ' ind2=' ' tag='907'><subfield code='a'>.b175432272</subfield><subfield code='c'>m</subfield><subfield code='d'>a</subfield><subfield code='e'>-</subfield><subfield code='f'>eng</subfield><subfield code='g'>xx</subfield><subfield code='h'>0</subfield><subfield code='i'>2</subfield></datafield><datafield ind1='8' ind2=' ' tag='852'><subfield code='h'>ReCAP .b175432272</subfield><subfield code='0'>6776290</subfield><subfield code='b'>scsbnypl</subfield></datafield><datafield ind1=' ' ind2=' ' tag='876'><subfield code='0'>6776290</subfield><subfield code='a'>10931473</subfield><subfield code='j'>Available</subfield><subfield code='p'>33333060375827</subfield><subfield code='t'>1</subfield><subfield code='x'>Shared</subfield><subfield code='z'>NH</subfield><subfield code='l'>RECAP</subfield></datafield></record>