
<record><leader>00403nam a2200157u  4500</leader><controlfield tag='001'>SCSB-11322375</controlfield><controlfield tag='005'>20020606095253.2</controlfield><controlfield tag='008'>940812s1951    enk           000 0 eng d</controlfield><controlfield tag='009'>990046191370203941</controlfield><datafield ind1=' ' ind2=' ' tag='035'><subfield code='a'>(OCoLC)30202196</subfield></datafield><datafield ind1=' ' ind2=' ' tag='040'><subfield code='a'>HLS</subfield><subfield code='c'>HLS</subfield></datafield><datafield ind1='1' ind2=' ' tag='100'><subfield code='a'>Boylan, Malcolm Stuart,</subfield><subfield code='d'>1897-1967.</subfield></datafield><datafield ind1='1' ind2='0' tag='245'><subfield code='a'>Tin sword.</subfield></datafield><datafield ind1=' ' ind2=' ' tag='260'><subfield code='a'>L,</subfield><subfield code='b'>Gollancz,</subfield><subfield code='c'>1951.</subfield></datafield><datafield ind1=' ' ind2=' ' tag='300'><subfield code='a'>255 p.</subfield></datafield><datafield ind1='1' ind2=' ' tag='583'><subfield code='a'>committed to retain</subfield><subfield code='c'>20181001</subfield><subfield code='d'>in perpetuity</subfield><subfield code='f'>ReCAP Shared Collection</subfield><subfield code='5'>HUL</subfield><subfield code='8'>221924376910003941</subfield></datafield><datafield ind1='7' ind2=' ' tag='852'><subfield code='2'>ZHCL</subfield><subfield code='c'>HD</subfield><subfield code='h'>PZB 988.86</subfield><subfield code='8'>221924376910003941</subfield><subfield code='0'>12127927</subfield><subfield code='b'>scsbhl</subfield></datafield><datafield ind1=' ' ind2=' ' tag='876'><subfield code='0'>12127927</subfield><subfield code='a'>17892955</subfield><subfield code='j'>Available</subfield><subfield code='k'>WID</subfield><subfield code='p'>HN5SVK</subfield><subfield code='x'>Shared</subfield><subfield code='z'>HW</subfield><subfield code='l'>HD</subfield></datafield></record>