
<record><leader>00439nam a2200169u  4500</leader><controlfield tag='001'>SCSB-12601394</controlfield><controlfield tag='005'>20020606163548.3</controlfield><controlfield tag='008'>860912s1926    nyu           000 1 eng d</controlfield><controlfield tag='009'>990066741620203941</controlfield><datafield ind1=' ' ind2=' ' tag='035'><subfield code='a'>(OCoLC)14211569</subfield></datafield><datafield ind1=' ' ind2=' ' tag='040'><subfield code='a'>TCH</subfield><subfield code='c'>TCH</subfield><subfield code='d'>HLS</subfield></datafield><datafield ind1=' ' ind2=' ' tag='043'><subfield code='a'>e-fr---</subfield><subfield code='a'>e-uk-en</subfield></datafield><datafield ind1=' ' ind2='4' tag='050'><subfield code='a'>PS3537.T6146</subfield><subfield code='b'>S8 1926</subfield></datafield><datafield ind1='1' ind2=' ' tag='100'><subfield code='a'>Stilson, Charles Billings.</subfield></datafield><datafield ind1='0' ind2='0' tag='245'><subfield code='a'>Sword play ...</subfield></datafield><datafield ind1=' ' ind2=' ' tag='260'><subfield code='a'>New York,</subfield><subfield code='b'>G.H. Watt,</subfield><subfield code='c'>1926.</subfield></datafield><datafield ind1=' ' ind2=' ' tag='300'><subfield code='a'>301 p.</subfield></datafield><datafield ind1=' ' ind2='0' tag='651'><subfield code='a'>Paris (France)</subfield><subfield code='x'>History</subfield><subfield code='y'>1589-1789</subfield><subfield code='v'>Fiction.</subfield></datafield><datafield ind1=' ' ind2='0' tag='650'><subfield code='a'>Vendetta</subfield><subfield code='v'>Fiction</subfield></datafield><datafield ind1=' ' ind2='0' tag='650'><subfield code='a'>French</subfield><subfield code='z'>England</subfield><subfield code='x'>History</subfield><subfield code='y'>17th century</subfield><subfield code='v'>Fiction.</subfield></datafield><datafield ind1=' ' ind2='0' tag='650'><subfield code='a'>Wyandot Indians</subfield><subfield code='v'>Fiction.</subfield></datafield><datafield ind1=' ' ind2='7' tag='655'><subfield code='a'>Fiction</subfield><subfield code='2'>fast</subfield></datafield><datafield ind1=' ' ind2='7' tag='655'><subfield code='a'>History</subfield><subfield code='2'>fast</subfield></datafield><datafield ind1=' ' ind2='7' tag='648'><subfield code='a'>1589-1789</subfield><subfield code='2'>fast</subfield></datafield><datafield ind1='0' ind2='8' tag='776'><subfield code='i'>Online version:</subfield><subfield code='a'>Stilson, Charles B. (Charles Billings) https://id.oclc.org/worldcat/entity/E39PCjqM4XQxvdH6M94gMj68BX.</subfield><subfield code='t'>Sword play.</subfield><subfield code='d'>New York : G. Howard Watt, 1926</subfield><subfield code='w'>(OCoLC)1514986557</subfield></datafield><datafield ind1='1' ind2=' ' tag='583'><subfield code='a'>committed to retain</subfield><subfield code='c'>20181001</subfield><subfield code='d'>in perpetuity</subfield><subfield code='f'>ReCAP Shared Collection</subfield><subfield code='5'>HUL</subfield><subfield code='8'>221990022460003941</subfield></datafield><datafield ind1='7' ind2=' ' tag='852'><subfield code='2'>ZHCL</subfield><subfield code='c'>HD</subfield><subfield code='h'>KD 17807</subfield><subfield code='0'>13443987</subfield><subfield code='b'>scsbhl</subfield></datafield><datafield ind1=' ' ind2=' ' tag='876'><subfield code='0'>13443987</subfield><subfield code='a'>19260334</subfield><subfield code='h'> </subfield><subfield code='j'>Available</subfield><subfield code='k'>WID</subfield><subfield code='p'>HN1E5H</subfield><subfield code='x'>Shared</subfield><subfield code='z'>HW</subfield><subfield code='l'>HD</subfield></datafield></record>