
<record><leader>00000cam a2200325Mi 4500</leader><controlfield tag='001'>SCSB-12445041</controlfield><controlfield tag='005'>20170725102438.0</controlfield><controlfield tag='008'>161018s2017    nyu           000 f eng d</controlfield><controlfield tag='009'>990149983720203941</controlfield><datafield ind1=' ' ind2=' ' tag='035'><subfield code='a'>(MH)014998372HVD01-Aleph</subfield></datafield><datafield ind1=' ' ind2=' ' tag='020'><subfield code='a'>146831436X</subfield><subfield code='q'>hardcover</subfield></datafield><datafield ind1=' ' ind2=' ' tag='020'><subfield code='a'>9781468314366</subfield><subfield code='q'>hardcover</subfield></datafield><datafield ind1=' ' ind2=' ' tag='035'><subfield code='a'>(YBPMetadataService)99971887009</subfield></datafield><datafield ind1=' ' ind2=' ' tag='035'><subfield code='a'>(OCoLC)960712659</subfield></datafield><datafield ind1=' ' ind2=' ' tag='040'><subfield code='a'>YDX</subfield><subfield code='b'>eng</subfield><subfield code='e'>rda</subfield><subfield code='c'>YDX</subfield><subfield code='d'>OCLCQ</subfield><subfield code='d'>BTCTA</subfield><subfield code='d'>NhCcYBP</subfield></datafield><datafield ind1=' ' ind2='4' tag='050'><subfield code='a'>PR6119.I295</subfield><subfield code='b'>F57 2017</subfield></datafield><datafield ind1='0' ind2='4' tag='082'><subfield code='a'>823/.92</subfield><subfield code='2'>23</subfield></datafield><datafield ind1='1' ind2=' ' tag='100'><subfield code='a'>Sidebottom, Harry</subfield><subfield code='e'>author.</subfield></datafield><datafield ind1='1' ind2='0' tag='245'><subfield code='a'>Fire &amp; sword /</subfield><subfield code='c'>Harry Sidebottom.</subfield></datafield><datafield ind1=' ' ind2='1' tag='264'><subfield code='a'>New York, NY :</subfield><subfield code='b'>The Overlook Press,</subfield><subfield code='c'>2017.</subfield></datafield><datafield ind1=' ' ind2=' ' tag='300'><subfield code='a'>437 pages ;</subfield><subfield code='c'>24 cm.</subfield></datafield><datafield ind1=' ' ind2=' ' tag='336'><subfield code='a'>text</subfield><subfield code='b'>txt</subfield><subfield code='2'>rdacontent</subfield></datafield><datafield ind1=' ' ind2=' ' tag='337'><subfield code='a'>unmediated</subfield><subfield code='b'>n</subfield><subfield code='2'>rdamedia</subfield></datafield><datafield ind1=' ' ind2=' ' tag='338'><subfield code='a'>volume</subfield><subfield code='b'>nc</subfield><subfield code='2'>rdacarrier</subfield></datafield><datafield ind1='1' ind2=' ' tag='490'><subfield code='a'>The throne of the caesars series ;</subfield><subfield code='v'>book III</subfield></datafield><datafield ind1=' ' ind2='7' tag='655'><subfield code='a'>Novels.</subfield><subfield code='2'>lcgft</subfield></datafield><datafield ind1=' ' ind2='0' tag='830'><subfield code='a'>The throne of the caesars series ;</subfield><subfield code='v'>book III.</subfield></datafield><datafield ind1='1' ind2=' ' tag='800'><subfield code='a'>Sidebottom, Harry.</subfield><subfield code='t'>Throne of the caesars ;</subfield><subfield code='v'>bk. 3.</subfield></datafield><datafield ind1='1' ind2=' ' tag='583'><subfield code='a'>committed to retain</subfield><subfield code='c'>20181001</subfield><subfield code='d'>in perpetuity</subfield><subfield code='f'>ReCAP Shared Collection</subfield><subfield code='5'>HUL</subfield><subfield code='8'>222187818500003941</subfield></datafield><datafield ind1='0' ind2=' ' tag='852'><subfield code='c'>HD</subfield><subfield code='h'>PR6119.I295</subfield><subfield code='i'>F57 2017</subfield><subfield code='0'>13283082</subfield><subfield code='b'>scsbhl</subfield></datafield><datafield ind1=' ' ind2=' ' tag='876'><subfield code='0'>13283082</subfield><subfield code='a'>19093025</subfield><subfield code='h'> </subfield><subfield code='j'>Available</subfield><subfield code='k'>WID</subfield><subfield code='p'>32044143798668</subfield><subfield code='x'>Shared</subfield><subfield code='z'>HW</subfield><subfield code='l'>HD</subfield></datafield></record>