
<record><leader>01051cam a2200349   4500</leader><controlfield tag='001'>SCSB-2840062</controlfield><controlfield tag='003'>NNC</controlfield><controlfield tag='005'>20220526043657.0</controlfield><controlfield tag='008'>751208s1945    mx c          000 0 spa  </controlfield><controlfield tag='009'>944955</controlfield><datafield ind1=' ' ind2=' ' tag='010'><subfield code='a'>   47005291 </subfield></datafield><datafield ind1=' ' ind2=' ' tag='035'><subfield code='a'>(OCoLC)ocm01881378</subfield></datafield><datafield ind1=' ' ind2=' ' tag='035'><subfield code='9'>AFD9928CU</subfield></datafield><datafield ind1=' ' ind2=' ' tag='035'><subfield code='a'>(NNC)944955</subfield></datafield><datafield ind1=' ' ind2=' ' tag='035'><subfield code='a'>944955</subfield></datafield><datafield ind1=' ' ind2=' ' tag='040'><subfield code='a'>DLC</subfield><subfield code='c'>AZU</subfield><subfield code='d'>RQO</subfield></datafield><datafield ind1=' ' ind2=' ' tag='043'><subfield code='a'>n-mx---</subfield></datafield><datafield ind1='0' ind2='0' tag='050'><subfield code='a'>F1231</subfield><subfield code='b'>.S65</subfield></datafield><datafield ind1='0' ind2=' ' tag='082'><subfield code='a'>972.02</subfield></datafield><datafield ind1=' ' ind2=' ' tag='092'><subfield code='a'>980</subfield><subfield code='b'>So43</subfield></datafield><datafield ind1='1' ind2=' ' tag='100'><subfield code='a'>Soler Alonso, Pedro.</subfield></datafield><datafield ind1='1' ind2='0' tag='245'><subfield code='a'>Virreyes de la Nueva España.</subfield></datafield><datafield ind1=' ' ind2=' ' tag='260'><subfield code='a'>México :</subfield><subfield code='b'>Secretaría de Educación Pública,</subfield><subfield code='c'>1945.</subfield></datafield><datafield ind1=' ' ind2=' ' tag='300'><subfield code='a'>95 pages :</subfield><subfield code='b'>portraits ;</subfield><subfield code='c'>20 cm.</subfield></datafield><datafield ind1=' ' ind2=' ' tag='336'><subfield code='a'>text</subfield><subfield code='2'>rdacontent</subfield></datafield><datafield ind1=' ' ind2=' ' tag='337'><subfield code='a'>unmediated</subfield><subfield code='2'>rdamedia</subfield></datafield><datafield ind1=' ' ind2=' ' tag='338'><subfield code='a'>volume</subfield><subfield code='2'>rdacarrier</subfield></datafield><datafield ind1='1' ind2=' ' tag='490'><subfield code='a'>Biblioteca enciclopédica popular ;</subfield><subfield code='v'>63</subfield></datafield><datafield ind1=' ' ind2='0' tag='651'><subfield code='a'>Mexico</subfield><subfield code='x'>Kings and rulers.</subfield></datafield><datafield ind1=' ' ind2='0' tag='651'><subfield code='a'>Mexico</subfield><subfield code='x'>History</subfield><subfield code='y'>Spanish colony, 1540-1810</subfield><subfield code='v'>Biography.</subfield></datafield><datafield ind1=' ' ind2='0' tag='830'><subfield code='a'>Biblioteca enciclopédica popular ;</subfield><subfield code='v'>63.</subfield><subfield code='0'>http://id.loc.gov/authorities/names/n94022341</subfield></datafield><datafield ind1='8' ind2='0' tag='852'><subfield code='h'>980 So43</subfield><subfield code='0'>2817231</subfield><subfield code='b'>scsbcul</subfield></datafield><datafield ind1=' ' ind2=' ' tag='876'><subfield code='0'>2817231</subfield><subfield code='a'>4453529</subfield><subfield code='h'> </subfield><subfield code='j'>Available</subfield><subfield code='p'>CU54182530</subfield><subfield code='t'>1</subfield><subfield code='x'>Shared</subfield><subfield code='z'>CU</subfield><subfield code='l'>RECAP</subfield></datafield></record>