
<record><leader>00920nam a22003017i 4500</leader><controlfield tag='001'>SCSB-7911331</controlfield><controlfield tag='003'>OCoLC</controlfield><controlfield tag='005'>20140722085906.0</controlfield><controlfield tag='008'>140325s2013    sp            000 0 spa  </controlfield><controlfield tag='009'>.b201973285</controlfield><datafield ind1=' ' ind2=' ' tag='010'><subfield code='a'>  2014396387</subfield></datafield><datafield ind1=' ' ind2=' ' tag='020'><subfield code='a'>9788415387367</subfield></datafield><datafield ind1=' ' ind2=' ' tag='020'><subfield code='a'>8415387369</subfield></datafield><datafield ind1=' ' ind2=' ' tag='040'><subfield code='a'>DLC</subfield><subfield code='b'>eng</subfield><subfield code='e'>rda</subfield><subfield code='c'>DLC</subfield><subfield code='d'>NYP</subfield></datafield><datafield ind1=' ' ind2=' ' tag='049'><subfield code='a'>NYPP</subfield></datafield><datafield ind1='1' ind2=' ' tag='100'><subfield code='a'>Soler Valero, Pedro,</subfield><subfield code='d'>1942-</subfield></datafield><datafield ind1='1' ind2='3' tag='245'><subfield code='a'>La sábana manchada /</subfield><subfield code='c'>Pedro Soler Valero.</subfield></datafield><datafield ind1=' ' ind2=' ' tag='250'><subfield code='a'>Primera edición.</subfield></datafield><datafield ind1=' ' ind2='1' tag='264'><subfield code='a'>Mojácar (Almería) :</subfield><subfield code='b'>Arráez Editores,</subfield><subfield code='c'>2013.</subfield></datafield><datafield ind1=' ' ind2=' ' tag='300'><subfield code='a'>62 pages ;</subfield><subfield code='c'>22 cm.</subfield></datafield><datafield ind1=' ' ind2=' ' tag='336'><subfield code='a'>text</subfield><subfield code='2'>rdacontent</subfield></datafield><datafield ind1=' ' ind2=' ' tag='337'><subfield code='a'>unmediated</subfield><subfield code='2'>rdamedia</subfield></datafield><datafield ind1=' ' ind2=' ' tag='338'><subfield code='a'>volume</subfield><subfield code='2'>rdacarrier</subfield></datafield><datafield ind1='0' ind2=' ' tag='490'><subfield code='a'>Narradores almerienses</subfield></datafield><datafield ind1=' ' ind2=' ' tag='907'><subfield code='a'>.b201973285</subfield><subfield code='c'>m</subfield><subfield code='d'>a</subfield><subfield code='e'>-</subfield><subfield code='f'>spa</subfield><subfield code='g'>sp</subfield><subfield code='h'>3</subfield><subfield code='i'>1</subfield></datafield><datafield ind1=' ' ind2=' ' tag='035'><subfield code='a'>(OCoLC)880960360</subfield></datafield><datafield ind1='8' ind2=' ' tag='852'><subfield code='h'>ReCAP 14-25641</subfield><subfield code='0'>8052135</subfield><subfield code='b'>scsbnypl</subfield></datafield><datafield ind1=' ' ind2=' ' tag='876'><subfield code='0'>8052135</subfield><subfield code='a'>13246100</subfield><subfield code='j'>Available</subfield><subfield code='p'>33433112514918</subfield><subfield code='t'>1</subfield><subfield code='x'>Shared</subfield><subfield code='z'>NA</subfield><subfield code='l'>RECAP</subfield></datafield></record>