
<record><leader>01152cam a2200313Ii 4500</leader><controlfield tag='001'>SCSB-8416237</controlfield><controlfield tag='003'>NNC</controlfield><controlfield tag='005'>20221121214040.0</controlfield><controlfield tag='008'>770214s1954    pe ab         000 0 spa d</controlfield><controlfield tag='009'>5949614</controlfield><datafield ind1=' ' ind2=' ' tag='035'><subfield code='a'>(OCoLC)ocm02737301</subfield></datafield><datafield ind1=' ' ind2=' ' tag='035'><subfield code='a'>(NNC)5949614</subfield></datafield><datafield ind1=' ' ind2=' ' tag='035'><subfield code='a'>5949614</subfield></datafield><datafield ind1=' ' ind2=' ' tag='040'><subfield code='a'>IQU</subfield><subfield code='c'>IQU</subfield><subfield code='d'>OCLCQ</subfield><subfield code='d'>ZCU</subfield></datafield><datafield ind1=' ' ind2=' ' tag='043'><subfield code='a'>s-pe---</subfield></datafield><datafield ind1=' ' ind2=' ' tag='090'><subfield code='a'>GN564.P5</subfield><subfield code='b'>L5x no. 9</subfield></datafield><datafield ind1='1' ind2=' ' tag='100'><subfield code='a'>Soler Bustamante, Eduardo.</subfield></datafield><datafield ind1='1' ind2='3' tag='245'><subfield code='a'>La agricultura en la comunidad de San Pedro de Huancaire /</subfield><subfield code='c'>Eduardo Soler Bustamante.</subfield></datafield><datafield ind1=' ' ind2=' ' tag='260'><subfield code='a'>Lima :</subfield><subfield code='b'>Instituto de Etnología,</subfield><subfield code='c'>1954.</subfield></datafield><datafield ind1=' ' ind2=' ' tag='300'><subfield code='a'>52 pages :</subfield><subfield code='b'>illustrations, maps ;</subfield><subfield code='c'>25 cm.</subfield></datafield><datafield ind1=' ' ind2=' ' tag='336'><subfield code='a'>text</subfield><subfield code='b'>txt</subfield><subfield code='2'>rdacontent</subfield></datafield><datafield ind1=' ' ind2=' ' tag='337'><subfield code='a'>unmediated</subfield><subfield code='b'>n</subfield><subfield code='2'>rdamedia</subfield></datafield><datafield ind1='1' ind2=' ' tag='490'><subfield code='a'>Publicación - Instituto de Etnología ;</subfield><subfield code='v'>no. 9</subfield></datafield><datafield ind1=' ' ind2=' ' tag='500'><subfield code='a'>At head of title: Universidad Nacional Mayor de San Marcos. Facultad de Letras.</subfield></datafield><datafield ind1=' ' ind2=' ' tag='500'><subfield code='a'>Reprinted from Revista del Museo Nacional, t. 23.</subfield></datafield><datafield ind1=' ' ind2='0' tag='650'><subfield code='a'>Agriculture</subfield><subfield code='z'>Peru</subfield><subfield code='z'>Lima.</subfield></datafield><datafield ind1=' ' ind2='0' tag='650'><subfield code='a'>Irrigation</subfield><subfield code='z'>Peru</subfield><subfield code='z'>Lima.</subfield></datafield><datafield ind1='2' ind2=' ' tag='810'><subfield code='a'>Universidad Nacional Mayor de San Marcos.</subfield><subfield code='b'>Instituto de Etnología y Arqueología.</subfield><subfield code='t'>Publicación ;</subfield><subfield code='v'>no. 9.</subfield></datafield><datafield ind1='0' ind2='0' tag='852'><subfield code='h'>F3410 .L55 no.1-2, no.5-6, no.8-9, no.12</subfield><subfield code='0'>8571451</subfield><subfield code='b'>scsbcul</subfield></datafield><datafield ind1=' ' ind2=' ' tag='876'><subfield code='0'>8571451</subfield><subfield code='a'>13963965</subfield><subfield code='h'> </subfield><subfield code='j'>Available</subfield><subfield code='p'>CU23921099</subfield><subfield code='t'>1</subfield><subfield code='x'>Shared</subfield><subfield code='z'>CU</subfield><subfield code='l'>RECAP</subfield></datafield></record>