
<record><leader>00927nam a2200253I  4500</leader><controlfield tag='001'>SCSB-10134468</controlfield><controlfield tag='005'>20020606095253.2</controlfield><controlfield tag='008'>880517s1954    ag            000 0 spa  </controlfield><controlfield tag='009'>990049129200203941</controlfield><datafield ind1=' ' ind2=' ' tag='010'><subfield code='a'>^^^57040052^/L</subfield></datafield><datafield ind1=' ' ind2=' ' tag='035'><subfield code='a'>(OCoLC)17963623</subfield></datafield><datafield ind1=' ' ind2=' ' tag='040'><subfield code='a'>DLC</subfield><subfield code='c'>CLU</subfield><subfield code='d'>HVL</subfield></datafield><datafield ind1=' ' ind2=' ' tag='043'><subfield code='a'>s-ag---</subfield></datafield><datafield ind1='0' ind2='0' tag='050'><subfield code='a'>KHA304.M37</subfield><subfield code='b'>S65 1954</subfield></datafield><datafield ind1=' ' ind2=' ' tag='090'><subfield code='a'>K60.M36</subfield><subfield code='b'>S6</subfield></datafield><datafield ind1='1' ind2=' ' tag='100'><subfield code='a'>Soler, Sebastián.</subfield></datafield><datafield ind1='0' ind2='0' tag='245'><subfield code='a'>Martínez Paz, jurista</subfield><subfield code='c'>[por] Sebastián Soler [y] Pedro León.</subfield></datafield><datafield ind1=' ' ind2=' ' tag='260'><subfield code='a'>Buenos Aires,</subfield><subfield code='b'>Ediciones Arayú</subfield><subfield code='c'>[1954]</subfield></datafield><datafield ind1=' ' ind2=' ' tag='300'><subfield code='a'>108 p.</subfield><subfield code='c'>18 cm.</subfield></datafield><datafield ind1='0' ind2=' ' tag='490'><subfield code='a'>Colección blanca</subfield></datafield><datafield ind1='0' ind2=' ' tag='505'><subfield code='a'>El aporte de Martínez Paz a la filosofía jurídica, por S. Soler.--Martínez Paz como civilista y comparatista, por P. León.--Noticia biobioliográfica de Enrique Martínez Paz, preparada por Ediciones Arayú.</subfield></datafield><datafield ind1='2' ind2='0' tag='600'><subfield code='a'>Martínez Paz, Enrique,</subfield><subfield code='d'>1882-1952.</subfield></datafield><datafield ind1=' ' ind2='0' tag='650'><subfield code='a'>Judges</subfield><subfield code='z'>Argentina</subfield><subfield code='v'>Biography.</subfield></datafield><datafield ind1=' ' ind2='0' tag='650'><subfield code='a'>Law</subfield><subfield code='z'>Argentina</subfield></datafield><datafield ind1=' ' ind2='7' tag='655'><subfield code='a'>Biographies</subfield><subfield code='2'>fast</subfield><subfield code='0'>(OCoLC)fst01423686</subfield></datafield><datafield ind1='1' ind2=' ' tag='700'><subfield code='a'>León, Pedro.</subfield></datafield><datafield ind1='0' ind2='8' tag='776'><subfield code='i'>Online version:</subfield><subfield code='a'>Soler, Sebastián.</subfield><subfield code='t'>Martínez Paz, jurista.</subfield><subfield code='d'>Buenos Aires : Ediciones Arayú, [1954]</subfield><subfield code='w'>(OCoLC)657046625</subfield></datafield><datafield ind1='1' ind2=' ' tag='583'><subfield code='a'>committed to retain</subfield><subfield code='c'>20181001</subfield><subfield code='d'>in perpetuity</subfield><subfield code='f'>ReCAP Shared Collection</subfield><subfield code='5'>HUL</subfield><subfield code='8'>221932784390003941</subfield></datafield><datafield ind1='8' ind2=' ' tag='852'><subfield code='c'>HD</subfield><subfield code='h'>ARG</subfield><subfield code='i'>909</subfield><subfield code='i'>MAR/S</subfield><subfield code='0'>10888958</subfield><subfield code='b'>scsbhl</subfield></datafield><datafield ind1=' ' ind2=' ' tag='876'><subfield code='0'>10888958</subfield><subfield code='a'>16594812</subfield><subfield code='h'> </subfield><subfield code='j'>Available</subfield><subfield code='k'>LAW</subfield><subfield code='p'>32044059654905</subfield><subfield code='x'>Shared</subfield><subfield code='z'>HL</subfield><subfield code='l'>HD</subfield></datafield></record>