
<record><leader>01092cam a2200265   4500</leader><controlfield tag='001'>SCSB-3954194</controlfield><controlfield tag='003'>NNC</controlfield><controlfield tag='005'>20221012225013.0</controlfield><controlfield tag='008'>761222s1942    uy ac    b    010 0 spa c</controlfield><controlfield tag='009'>2704838</controlfield><datafield ind1=' ' ind2=' ' tag='010'><subfield code='a'>a  44000182 </subfield></datafield><datafield ind1=' ' ind2=' ' tag='035'><subfield code='a'>(OCoLC)ocm02641909</subfield></datafield><datafield ind1=' ' ind2=' ' tag='035'><subfield code='9'>ARF6671CU</subfield></datafield><datafield ind1=' ' ind2=' ' tag='035'><subfield code='a'>2704838</subfield></datafield><datafield ind1=' ' ind2=' ' tag='040'><subfield code='a'>Harvard Univ. Library</subfield><subfield code='c'>AZU</subfield><subfield code='d'>ZCU</subfield></datafield><datafield ind1=' ' ind2=' ' tag='099'><subfield code='a'>936.09</subfield><subfield code='a'>So43</subfield></datafield><datafield ind1='1' ind2=' ' tag='100'><subfield code='a'>Parrabère, Arnaldo Pedro,</subfield><subfield code='d'>1888-</subfield><subfield code='0'>http://id.loc.gov/authorities/names/n91124679</subfield></datafield><datafield ind1='1' ind2='0' tag='245'><subfield code='a'>Bibliografía de las obras publicadas en libros, folletos, hojas, revistas, y documentos del sr. dr. Mariano Soler, primer arzobispo de Montevideo, coleccionados y existentes en la biblioteca y archivo de Arnaldo Pedro Parrabère.</subfield></datafield><datafield ind1=' ' ind2=' ' tag='260'><subfield code='a'>Montevideo, Uruguay,</subfield><subfield code='c'>[1942]</subfield></datafield><datafield ind1=' ' ind2=' ' tag='300'><subfield code='a'>47 pages :</subfield><subfield code='b'>illustrations, portraits ;</subfield><subfield code='c'>26 cm</subfield></datafield><datafield ind1=' ' ind2=' ' tag='336'><subfield code='a'>text</subfield><subfield code='b'>txt</subfield><subfield code='2'>rdacontent</subfield></datafield><datafield ind1=' ' ind2=' ' tag='337'><subfield code='a'>unmediated</subfield><subfield code='b'>n</subfield><subfield code='2'>rdamedia</subfield></datafield><datafield ind1=' ' ind2=' ' tag='500'><subfield code='a'>On cover: Homenaje al arzobispo sabio y patriota monseñor dr. Mariano Soler.</subfield></datafield><datafield ind1='1' ind2='0' tag='600'><subfield code='a'>Soler, Mariano Delmiro Encarnación,</subfield><subfield code='d'>1846-1908</subfield><subfield code='v'>Bibliography.</subfield></datafield><datafield ind1='8' ind2='0' tag='852'><subfield code='h'>936.09 So43</subfield><subfield code='0'>3964345</subfield><subfield code='b'>scsbcul</subfield></datafield><datafield ind1=' ' ind2=' ' tag='876'><subfield code='0'>3964345</subfield><subfield code='a'>5780056</subfield><subfield code='h'> </subfield><subfield code='j'>Available</subfield><subfield code='p'>CU69706859</subfield><subfield code='t'>1</subfield><subfield code='x'>Shared</subfield><subfield code='z'>CU</subfield><subfield code='l'>RECAP</subfield></datafield></record>