
<record><leader>01263nam a2200253 a 4500</leader><controlfield tag='001'>SCSB-13275185</controlfield><controlfield tag='005'>20030210111131.0</controlfield><controlfield tag='008'>941013s1998    gt a     b    000 0 myn d</controlfield><controlfield tag='009'>990085189980203941</controlfield><datafield ind1=' ' ind2=' ' tag='035'><subfield code='a'>(OCoLC)46447996</subfield></datafield><datafield ind1=' ' ind2=' ' tag='041'><subfield code='a'>myn</subfield><subfield code='a'>spa</subfield><subfield code='h'>und</subfield></datafield><datafield ind1=' ' ind2=' ' tag='043'><subfield code='a'>ncgt---</subfield></datafield><datafield ind1='1' ind2=' ' tag='100'><subfield code='a'>Loukota Soler, Ernesto.</subfield></datafield><datafield ind1='1' ind2='0' tag='245'><subfield code='a'>Xtikib&apos;ankil xtzolb&apos;al xchamal xna&apos;leb&apos;il li tzolok /</subfield><subfield code='c'>Ernest Loukota Soler ; [traductor, Pedro Ical].</subfield></datafield><datafield ind1=' ' ind2=' ' tag='260'><subfield code='a'>Guatemala :</subfield><subfield code='b'>Instituto de Lingüística, Universidad Rafael Landívar,</subfield><subfield code='c'>1998.</subfield></datafield><datafield ind1=' ' ind2=' ' tag='300'><subfield code='a'>159 p. :</subfield><subfield code='b'>ill. ;</subfield><subfield code='c'>22 cm.</subfield></datafield><datafield ind1='1' ind2=' ' tag='490'><subfield code='a'>Xhu&apos;uutulal Textos académicos ;</subfield><subfield code='v'>no. 13.</subfield><subfield code='a'>Xraqalil Q&apos;eqchi&apos; ;</subfield><subfield code='v'>no. 11.</subfield><subfield code='a'>Xna&apos;leb&apos;il Pedagogía ;</subfield><subfield code='v'>no. 3 =</subfield><subfield code='a'>Colección Textos académicos ;</subfield><subfield code='v'>no. 13.</subfield><subfield code='a'>Serie Q&apos;eqchi&apos; ;</subfield><subfield code='v'>no. 11.</subfield><subfield code='a'>Area Pedagogía ;</subfield><subfield code='v'>no. 3</subfield></datafield><datafield ind1=' ' ind2=' ' tag='500'><subfield code='a'>Title p. verso in Kekchi and Spanish.</subfield></datafield><datafield ind1=' ' ind2=' ' tag='504'><subfield code='a'>Includes bibliographical references (p. 159).</subfield></datafield><datafield ind1=' ' ind2='0' tag='650'><subfield code='a'>Kekchi language</subfield><subfield code='v'>Texts.</subfield></datafield><datafield ind1=' ' ind2='0' tag='650'><subfield code='a'>Education</subfield><subfield code='z'>Guatemala</subfield></datafield><datafield ind1=' ' ind2='7' tag='655'><subfield code='a'>Texts</subfield><subfield code='2'>fast</subfield><subfield code='0'>(OCoLC)fst01423705</subfield></datafield><datafield ind1=' ' ind2='0' tag='830'><subfield code='a'>Moloj wach ruk&apos;uhtjiik ruwii&apos; Rub&apos;eleej ch&apos;uq reh tijiinb&apos;al ;</subfield><subfield code='v'>no. 13.</subfield></datafield><datafield ind1=' ' ind2='0' tag='830'><subfield code='a'>Moloj wach ruk&apos;uhtjiik ruwii&apos; Rub&apos;eleej ch&apos;uq reh tijiinb&apos;al</subfield><subfield code='p'>Xraqalil Q&apos;eqchi&apos; ;</subfield><subfield code='v'>no. 11.</subfield></datafield><datafield ind1=' ' ind2='0' tag='830'><subfield code='a'>Moloj wach ruk&apos;uhtjiik ruwii&apos; Rub&apos;eleej ch&apos;uq reh tijiinb&apos;al.</subfield><subfield code='p'>Xraqalil Q&apos;eqchi&apos;.</subfield><subfield code='p'>Xna&apos;leb&apos;il Pedagogía</subfield><subfield code='v'>no. 3.</subfield></datafield><datafield ind1='1' ind2=' ' tag='583'><subfield code='a'>committed to retain</subfield><subfield code='c'>20181001</subfield><subfield code='d'>in perpetuity</subfield><subfield code='f'>ReCAP Shared Collection</subfield><subfield code='5'>HUL</subfield><subfield code='8'>222063674700003941</subfield></datafield><datafield ind1='7' ind2=' ' tag='852'><subfield code='2'>ZTOZ</subfield><subfield code='c'>RD</subfield><subfield code='h'>C.A.6 L 931 x</subfield><subfield code='0'>14144275</subfield><subfield code='b'>scsbhl</subfield></datafield><datafield ind1=' ' ind2=' ' tag='876'><subfield code='0'>14144275</subfield><subfield code='a'>20370076</subfield><subfield code='h'> </subfield><subfield code='j'>Available</subfield><subfield code='k'>TOZ</subfield><subfield code='p'>32044058541798</subfield><subfield code='x'>Shared</subfield><subfield code='z'>HV</subfield><subfield code='l'>RECAP</subfield></datafield></record>