
<record><leader>00612nam a2200217u  4500</leader><controlfield tag='001'>SCSB-11823335</controlfield><controlfield tag='005'>20020606163548.3</controlfield><controlfield tag='008'>871008s1953    mx            000 0 spa d</controlfield><controlfield tag='009'>990066370260203941</controlfield><datafield ind1=' ' ind2=' ' tag='035'><subfield code='a'>(MH)006637026HVD01-Aleph</subfield></datafield><datafield ind1=' ' ind2=' ' tag='035'><subfield code='a'>(OCoLC)16826948</subfield></datafield><datafield ind1=' ' ind2=' ' tag='040'><subfield code='a'>CLU</subfield><subfield code='c'>CLU</subfield><subfield code='d'>HLS</subfield></datafield><datafield ind1=' ' ind2=' ' tag='090'><subfield code='a'>F864.F13</subfield><subfield code='b'>S42</subfield></datafield><datafield ind1='1' ind2=' ' tag='100'><subfield code='a'>Soler Vidal, J.</subfield></datafield><datafield ind1='0' ind2='0' tag='245'><subfield code='a'>Pere Fages, descobridor, cronista i governador de la Nova California.</subfield></datafield><datafield ind1=' ' ind2=' ' tag='260'><subfield code='a'>Mexico,</subfield><subfield code='b'>Catalanes,</subfield><subfield code='c'>1953.</subfield></datafield><datafield ind1=' ' ind2=' ' tag='300'><subfield code='a'>206 p.</subfield></datafield><datafield ind1='0' ind2=' ' tag='490'><subfield code='a'>Serie historia i biografia,</subfield><subfield code='v'>1</subfield></datafield><datafield ind1='1' ind2='0' tag='600'><subfield code='a'>Fages, Pedro.</subfield></datafield><datafield ind1='1' ind2=' ' tag='583'><subfield code='a'>committed to retain</subfield><subfield code='c'>20181001</subfield><subfield code='d'>in perpetuity</subfield><subfield code='f'>ReCAP Shared Collection</subfield><subfield code='5'>HUL</subfield><subfield code='8'>221994140790003941</subfield></datafield><datafield ind1='1' ind2=' ' tag='583'><subfield code='a'>committed to retain</subfield><subfield code='c'>20170930</subfield><subfield code='d'>20421231</subfield><subfield code='f'>HathiTrust</subfield><subfield code='5'>HUL</subfield><subfield code='8'>221994140790003941</subfield></datafield><datafield ind1='7' ind2=' ' tag='852'><subfield code='2'>ZHCL</subfield><subfield code='c'>HD</subfield><subfield code='h'>US 38136.50</subfield><subfield code='0'>12643410</subfield><subfield code='b'>scsbhl</subfield></datafield><datafield ind1=' ' ind2=' ' tag='876'><subfield code='0'>12643410</subfield><subfield code='a'>18428199</subfield><subfield code='j'>Not Available</subfield><subfield code='k'>WID</subfield><subfield code='p'>HX2PLJ</subfield><subfield code='x'>Shared</subfield><subfield code='z'>HW</subfield><subfield code='l'>HD</subfield></datafield></record>