
<record><leader>00000cam a2200301 a 4500</leader><controlfield tag='001'>SCSB-10901338</controlfield><controlfield tag='005'>20050819114522.0</controlfield><controlfield tag='008'>010522s1998    ag            000 0dspa  </controlfield><controlfield tag='009'>990088405540203941</controlfield><datafield ind1=' ' ind2=' ' tag='010'><subfield code='a'>^^2001414018</subfield></datafield><datafield ind1=' ' ind2=' ' tag='020'><subfield code='a'>9879298004</subfield></datafield><datafield ind1=' ' ind2=' ' tag='035'><subfield code='a'>(OCoLC)50429539</subfield><subfield code='z'>(OCoLC)1468468357</subfield></datafield><datafield ind1=' ' ind2=' ' tag='040'><subfield code='a'>DLC</subfield><subfield code='c'>DLC</subfield></datafield><datafield ind1=' ' ind2=' ' tag='043'><subfield code='a'>s-ag---</subfield></datafield><datafield ind1='0' ind2='0' tag='050'><subfield code='a'>F2847</subfield><subfield code='b'>.S74 1998</subfield></datafield><datafield ind1='0' ind2='0' tag='082'><subfield code='a'>982/.03/0722</subfield><subfield code='2'>22</subfield></datafield><datafield ind1='1' ind2=' ' tag='100'><subfield code='a'>Steffens Soler, Carlos.</subfield></datafield><datafield ind1='1' ind2='4' tag='245'><subfield code='a'>Las falsedades históricas del general Agustín P. Justo y la carrera militar de Mitre fuera del país /</subfield><subfield code='c'>Carlos Steffens Soler.</subfield></datafield><datafield ind1=' ' ind2=' ' tag='260'><subfield code='a'>[San Luis, Argentina?] :</subfield><subfield code='b'>Editorial Anello,</subfield><subfield code='c'>1998.</subfield></datafield><datafield ind1=' ' ind2=' ' tag='300'><subfield code='a'>71 p. ;</subfield><subfield code='c'>21 cm.</subfield></datafield><datafield ind1='1' ind2='0' tag='600'><subfield code='a'>Justo, Agustín P.</subfield><subfield code='q'>(Agustín Pedro),</subfield><subfield code='d'>1876-1943.</subfield><subfield code='t'>Estudio preliminar para las Obras completas de Bartolomé Mitre.</subfield></datafield><datafield ind1='1' ind2='0' tag='600'><subfield code='a'>Mitre, Bartolomé,</subfield><subfield code='d'>1821-1906.</subfield></datafield><datafield ind1=' ' ind2='0' tag='651'><subfield code='a'>Argentina</subfield><subfield code='x'>History</subfield><subfield code='y'>1860-1910</subfield><subfield code='x'>Historiography.</subfield></datafield><datafield ind1='1' ind2='0' tag='600'><subfield code='a'>Rosas, Juan Manuel de,</subfield><subfield code='d'>1793-1877</subfield></datafield><datafield ind1=' ' ind2='0' tag='651'><subfield code='a'>Argentina</subfield><subfield code='x'>History</subfield><subfield code='y'>1817-1860</subfield><subfield code='x'>Historiography.</subfield></datafield><datafield ind1=' ' ind2='0' tag='650'><subfield code='a'>Truthfulness and falsehood</subfield><subfield code='z'>Argentina.</subfield></datafield><datafield ind1=' ' ind2='7' tag='648'><subfield code='a'>1817-1910</subfield><subfield code='2'>fast</subfield></datafield><datafield ind1=' ' ind2='7' tag='655'><subfield code='a'>History</subfield><subfield code='2'>fast</subfield><subfield code='0'>(OCoLC)fst01411628</subfield></datafield><datafield ind1='1' ind2=' ' tag='583'><subfield code='a'>committed to retain</subfield><subfield code='c'>20181001</subfield><subfield code='d'>in perpetuity</subfield><subfield code='f'>ReCAP Shared Collection</subfield><subfield code='5'>HUL</subfield><subfield code='8'>222073169270003941</subfield></datafield><datafield ind1='0' ind2=' ' tag='852'><subfield code='c'>HD</subfield><subfield code='h'>F2847</subfield><subfield code='i'>.S74 1998</subfield><subfield code='0'>11694306</subfield><subfield code='b'>scsbhl</subfield></datafield><datafield ind1=' ' ind2=' ' tag='876'><subfield code='0'>11694306</subfield><subfield code='a'>17442733</subfield><subfield code='h'> </subfield><subfield code='j'>Available</subfield><subfield code='k'>WID</subfield><subfield code='p'>HXX91Y</subfield><subfield code='x'>Shared</subfield><subfield code='z'>HW</subfield><subfield code='l'>HD</subfield></datafield></record>