
<record><leader>00000nam a2200349Ii 4500</leader><controlfield tag='001'>SCSB-9536978</controlfield><controlfield tag='003'>OCoLC</controlfield><controlfield tag='005'>20191017103609.0</controlfield><controlfield tag='008'>191017s2017    sp            000 0bcat dnamIi </controlfield><controlfield tag='009'>.b212807985</controlfield><datafield ind1='1' ind2=' ' tag='100'><subfield code='a'>Soler Felip, Joan,</subfield><subfield code='d'>1948-</subfield><subfield code='e'>author.</subfield></datafield><datafield ind1='1' ind2='0' tag='600'><subfield code='a'>Casaldáliga, Pedro.</subfield></datafield><datafield ind1=' ' ind2='0' tag='650'><subfield code='a'>Priests</subfield><subfield code='z'>Spain</subfield><subfield code='z'>Catalonia.</subfield></datafield><datafield ind1=' ' ind2=' ' tag='250'><subfield code='a'>Primera edició.</subfield></datafield><datafield ind1=' ' ind2=' ' tag='020'><subfield code='a'>9788491360186</subfield></datafield><datafield ind1=' ' ind2=' ' tag='020'><subfield code='a'>8491360182</subfield></datafield><datafield ind1=' ' ind2='1' tag='264'><subfield code='a'>Barcelona :</subfield><subfield code='b'>Claret Editorial,</subfield><subfield code='c'>2017.</subfield></datafield><datafield ind1=' ' ind2=' ' tag='300'><subfield code='a'>136 pages ;</subfield><subfield code='c'>22 cm</subfield></datafield><datafield ind1=' ' ind2=' ' tag='336'><subfield code='a'>text</subfield><subfield code='2'>rdacontent</subfield></datafield><datafield ind1=' ' ind2=' ' tag='337'><subfield code='a'>unmediated</subfield><subfield code='2'>rdamedia</subfield></datafield><datafield ind1=' ' ind2=' ' tag='338'><subfield code='a'>volume</subfield><subfield code='2'>rdacarrier</subfield></datafield><datafield ind1='1' ind2='0' tag='245'><subfield code='a'>Meditacions vora l&apos;Araguaia :</subfield><subfield code='b'>en companyia de Pere Casaldàliga /</subfield><subfield code='c'>Joan Soler.</subfield></datafield><datafield ind1=' ' ind2=' ' tag='040'><subfield code='a'>NYP</subfield><subfield code='b'>eng</subfield><subfield code='e'>rda</subfield><subfield code='c'>NYP</subfield></datafield><datafield ind1=' ' ind2=' ' tag='043'><subfield code='a'>e-sp---</subfield></datafield><datafield ind1=' ' ind2=' ' tag='049'><subfield code='a'>NYPP</subfield></datafield><datafield ind1=' ' ind2=' ' tag='901'><subfield code='a'>MARS</subfield></datafield><datafield ind1=' ' ind2=' ' tag='901'><subfield code='a'>cir</subfield><subfield code='b'>CATRL</subfield></datafield><datafield ind1=' ' ind2=' ' tag='945'><subfield code='a'>.b212807985</subfield></datafield><datafield ind1=' ' ind2=' ' tag='946'><subfield code='a'>m</subfield></datafield><datafield ind1=' ' ind2='1' tag='949'><subfield code='z'>8528</subfield><subfield code='a'>ReCAP 19-27803</subfield><subfield code='i'>33433128836396</subfield><subfield code='l'>rc2ma</subfield><subfield code='s'>b</subfield><subfield code='t'>55</subfield><subfield code='h'>43</subfield><subfield code='o'>2</subfield><subfield code='v'>CATRL/cir</subfield></datafield><datafield ind1='0' ind2='0' tag='907'><subfield code='a'>.b212807985</subfield></datafield><datafield ind1=' ' ind2=' ' tag='035'><subfield code='a'>(OCoLC)1123216571</subfield></datafield><datafield ind1='8' ind2=' ' tag='852'><subfield code='h'>ReCAP 19-27803</subfield><subfield code='0'>10116434</subfield><subfield code='b'>scsbnypl</subfield></datafield><datafield ind1=' ' ind2=' ' tag='876'><subfield code='0'>10116434</subfield><subfield code='a'>15831037</subfield><subfield code='j'>Not Available</subfield><subfield code='p'>33433128836396</subfield><subfield code='t'>1</subfield><subfield code='x'>Shared</subfield><subfield code='z'>NA</subfield><subfield code='l'>RECAP</subfield></datafield></record>