
<record><leader>02470nam a2200505 a 4500</leader><controlfield tag='001'>SCSB-4327493</controlfield><controlfield tag='003'>NNC</controlfield><controlfield tag='005'>20221020063705.0</controlfield><controlfield tag='008'>021101s2001    sp b     b    001 0 spa d</controlfield><controlfield tag='009'>3394542</controlfield><datafield ind1=' ' ind2=' ' tag='020'><subfield code='a'>9685115265</subfield></datafield><datafield ind1=' ' ind2=' ' tag='035'><subfield code='a'>(OCoLC)ocm50915482</subfield></datafield><datafield ind1=' ' ind2=' ' tag='035'><subfield code='9'>AVH3089CU</subfield></datafield><datafield ind1=' ' ind2=' ' tag='035'><subfield code='a'>(NNC)3394542</subfield></datafield><datafield ind1=' ' ind2=' ' tag='035'><subfield code='a'>3394542</subfield></datafield><datafield ind1=' ' ind2=' ' tag='040'><subfield code='a'>CUS</subfield><subfield code='c'>CUS</subfield><subfield code='d'>NNC</subfield></datafield><datafield ind1='1' ind2=' ' tag='041'><subfield code='a'>spa</subfield><subfield code='h'>cat</subfield></datafield><datafield ind1=' ' ind2=' ' tag='043'><subfield code='a'>n-us-ca</subfield><subfield code='a'>e-sp---</subfield></datafield><datafield ind1=' ' ind2=' ' tag='090'><subfield code='a'>F864</subfield><subfield code='b'>.S69 2001</subfield></datafield><datafield ind1='1' ind2=' ' tag='100'><subfield code='a'>Soler Vidal, Josep,</subfield><subfield code='d'>1908-</subfield><subfield code='0'>http://id.loc.gov/authorities/names/n82255065</subfield></datafield><datafield ind1='1' ind2='0' tag='245'><subfield code='a'>California :</subfield><subfield code='b'>la aventura catalana del noroeste /</subfield><subfield code='c'>Josep Soler Vidal ; traducción de Martí Soler ; investigación y paleografía de los documentos por Martín Olmedo.</subfield></datafield><datafield ind1=' ' ind2=' ' tag='250'><subfield code='a'>1a ed.</subfield></datafield><datafield ind1=' ' ind2=' ' tag='260'><subfield code='a'>Tlalpan, D,F :</subfield><subfield code='b'>Libros del Umbral,</subfield><subfield code='c'>2001.</subfield></datafield><datafield ind1=' ' ind2=' ' tag='300'><subfield code='a'>319 pages :</subfield><subfield code='b'>maps ;</subfield><subfield code='c'>24 cm.</subfield></datafield><datafield ind1=' ' ind2=' ' tag='336'><subfield code='a'>text</subfield><subfield code='b'>txt</subfield><subfield code='2'>rdacontent</subfield></datafield><datafield ind1=' ' ind2=' ' tag='337'><subfield code='a'>unmediated</subfield><subfield code='b'>n</subfield><subfield code='2'>rdamedia</subfield></datafield><datafield ind1='1' ind2=' ' tag='490'><subfield code='a'>Colección en tule ;</subfield><subfield code='v'>no 1</subfield></datafield><datafield ind1=' ' ind2=' ' tag='500'><subfield code='a'>This book consists of Spanish translations of articles and books originally published in Catalan.</subfield></datafield><datafield ind1=' ' ind2=' ' tag='500'><subfield code='a'>The final section is an account of Santa Catalina Island in the Gulf of California.</subfield></datafield><datafield ind1=' ' ind2=' ' tag='504'><subfield code='a'>Includes bibliographical references and index.</subfield></datafield><datafield ind1='0' ind2=' ' tag='505'><subfield code='a'>Pedro Fages : descubridor, cronista y gobernador de la Nueva California--Fray Pedro Font, en la travesía de los primeros pobladores de San Francisco, California--Juan Perés, descubridor de las costas de Alaska--Pedro Alberni en Nutka--Apéndice bajacaliforniano : metamorfosis de una isla.</subfield></datafield><datafield ind1='1' ind2='0' tag='600'><subfield code='a'>Font, Pedro,</subfield><subfield code='d'>1737-1781.</subfield><subfield code='0'>http://id.loc.gov/authorities/names/n88140455</subfield></datafield><datafield ind1='1' ind2='0' tag='600'><subfield code='a'>Fages, Pedro.</subfield><subfield code='0'>http://id.loc.gov/authorities/names/n86081462</subfield></datafield><datafield ind1='1' ind2='0' tag='600'><subfield code='a'>Perés, Juan.</subfield></datafield><datafield ind1='1' ind2='0' tag='600'><subfield code='a'>Alberni, Pedro.</subfield></datafield><datafield ind1=' ' ind2='0' tag='651'><subfield code='a'>California</subfield><subfield code='x'>History</subfield><subfield code='y'>To 1846.</subfield><subfield code='0'>http://id.loc.gov/authorities/subjects/sh85018880</subfield></datafield><datafield ind1=' ' ind2='0' tag='650'><subfield code='a'>Catalans</subfield><subfield code='z'>California</subfield><subfield code='x'>History.</subfield></datafield><datafield ind1=' ' ind2='0' tag='650'><subfield code='a'>Catalans</subfield><subfield code='z'>Mexico</subfield><subfield code='x'>History.</subfield></datafield><datafield ind1=' ' ind2='0' tag='650'><subfield code='a'>Catalans</subfield><subfield code='z'>Mexico</subfield><subfield code='z'>Baja California (Peninsula)</subfield><subfield code='x'>History.</subfield></datafield><datafield ind1=' ' ind2='0' tag='651'><subfield code='a'>San Francisco (Calif.)</subfield><subfield code='x'>History.</subfield><subfield code='0'>http://id.loc.gov/authorities/subjects/sh2008116871</subfield></datafield><datafield ind1=' ' ind2='0' tag='651'><subfield code='a'>Santa Catalina, Gulf of (Calif.)</subfield><subfield code='x'>History.</subfield></datafield><datafield ind1='0' ind2='2' tag='740'><subfield code='a'>Catalans als orígens de San Francisco de Califòrnia.</subfield></datafield><datafield ind1='0' ind2='2' tag='740'><subfield code='a'>Pere Fages, descobridor, cronista i governador de la Nova Califòrnia.</subfield></datafield><datafield ind1='0' ind2='2' tag='740'><subfield code='a'>Catalans als inicis de San Francisco de Califòrnia.</subfield></datafield><datafield ind1=' ' ind2='0' tag='830'><subfield code='a'>Colección en tule ;</subfield><subfield code='v'>no 1.</subfield></datafield><datafield ind1='0' ind2='0' tag='852'><subfield code='h'>F864 .S69 2001g</subfield><subfield code='0'>4341497</subfield><subfield code='b'>scsbcul</subfield></datafield><datafield ind1=' ' ind2=' ' tag='876'><subfield code='0'>4341497</subfield><subfield code='a'>6271739</subfield><subfield code='h'> </subfield><subfield code='j'>Available</subfield><subfield code='p'>CU75133288</subfield><subfield code='t'>1</subfield><subfield code='x'>Shared</subfield><subfield code='z'>CU</subfield><subfield code='l'>RECAP</subfield></datafield></record>