
<record><leader>00772nam a2200229 a 4500</leader><controlfield tag='001'>SCSB-11385328</controlfield><controlfield tag='005'>20200826203830.0</controlfield><controlfield tag='008'>920227s1856    cu            000 0 spa d</controlfield><controlfield tag='009'>990026768990203941</controlfield><datafield ind1=' ' ind2=' ' tag='035'><subfield code='a'>(MH)002676899HVD01-Aleph</subfield></datafield><datafield ind1=' ' ind2=' ' tag='035'><subfield code='a'>(OCoLC)25356899</subfield></datafield><datafield ind1=' ' ind2=' ' tag='040'><subfield code='a'>CRL</subfield><subfield code='c'>CRL</subfield><subfield code='d'>HMM</subfield></datafield><datafield ind1='1' ind2=' ' tag='100'><subfield code='a'>Carreño, Pedro.</subfield></datafield><datafield ind1='1' ind2='0' tag='245'><subfield code='a'>Mas quiero que sierren tablas :</subfield><subfield code='b'>comedia en un acto /</subfield><subfield code='c'>original de Pedro Carreño.</subfield></datafield><datafield ind1=' ' ind2=' ' tag='260'><subfield code='a'>Habana :</subfield><subfield code='b'>M. Soler,</subfield><subfield code='c'>1856.</subfield></datafield><datafield ind1=' ' ind2=' ' tag='300'><subfield code='a'>28 p. ;</subfield><subfield code='c'>21 cm.</subfield></datafield><datafield ind1=' ' ind2=' ' tag='500'><subfield code='a'>&quot;Fue representada en Matanzas el 19 de febrero de 1852.&quot;</subfield></datafield><datafield ind1=' ' ind2='0' tag='830'><subfield code='a'>Harvard College Library preservation microfilm program ;</subfield><subfield code='v'>02106.</subfield><subfield code='5'>mmf</subfield></datafield><datafield ind1='1' ind2=' ' tag='583'><subfield code='a'>committed to retain</subfield><subfield code='c'>20181001</subfield><subfield code='d'>in perpetuity</subfield><subfield code='f'>ReCAP Shared Collection</subfield><subfield code='5'>HUL</subfield><subfield code='8'>221852477710003941</subfield></datafield><datafield ind1='7' ind2=' ' tag='852'><subfield code='2'>ZHCL</subfield><subfield code='c'>HD</subfield><subfield code='h'>SAL 250.75.100</subfield><subfield code='8'>221852477710003941</subfield><subfield code='0'>12192640</subfield><subfield code='b'>scsbhl</subfield></datafield><datafield ind1=' ' ind2=' ' tag='876'><subfield code='0'>12192640</subfield><subfield code='a'>17959963</subfield><subfield code='j'>Available</subfield><subfield code='k'>WID</subfield><subfield code='p'>HXU9S2</subfield><subfield code='x'>Shared</subfield><subfield code='z'>HW</subfield><subfield code='l'>HD</subfield></datafield></record>