
<record><leader>00903nam a2200193u  4500</leader><controlfield tag='001'>SCSB-10408418</controlfield><controlfield tag='005'>20020606095253.2</controlfield><controlfield tag='008'>941114s1894    sp            000 0 spa d</controlfield><controlfield tag='009'>990049724650203941</controlfield><datafield ind1=' ' ind2=' ' tag='035'><subfield code='a'>(OCoLC)80771554</subfield></datafield><datafield ind1=' ' ind2=' ' tag='040'><subfield code='a'>HVL</subfield><subfield code='c'>HVL</subfield></datafield><datafield ind1='1' ind2=' ' tag='100'><subfield code='a'>Huguet y Campañá, Pedro.</subfield></datafield><datafield ind1='1' ind2='3' tag='245'><subfield code='a'>La letra de cambio y demas documentos mercantiles así de giro como al portador, según las leyes vigentes en la península, ultramar y filipinas, códigos de comercio extranjeros y jurisprudencia del Tribunal supremo,</subfield><subfield code='b'>con numerosos modelos para los más importantes casos de emisión y giro y notas y apéndices aclaratorios</subfield><subfield code='c'>por Pedro Huguet y Campañá.</subfield></datafield><datafield ind1=' ' ind2=' ' tag='260'><subfield code='a'>Barcelona,</subfield><subfield code='b'>M. Soler,</subfield><subfield code='c'>1894.</subfield></datafield><datafield ind1=' ' ind2=' ' tag='300'><subfield code='a'>465 p. incl. forms.</subfield><subfield code='c'>21 cm.</subfield></datafield><datafield ind1=' ' ind2='9' tag='690'><subfield code='a'>Bills of exchange</subfield><subfield code='z'>Spain.</subfield><subfield code='5'>law</subfield></datafield><datafield ind1=' ' ind2='9' tag='690'><subfield code='a'>Commercial law</subfield><subfield code='z'>Spain.</subfield><subfield code='5'>law</subfield></datafield><datafield ind1='1' ind2=' ' tag='710'><subfield code='a'>Spain.</subfield><subfield code='b'>Tribunal Supremo.</subfield></datafield><datafield ind1='0' ind2='8' tag='776'><subfield code='i'>Online version:</subfield><subfield code='a'>Huguet y Campañá, Pedro.</subfield><subfield code='t'>Letra de cambio y demas documentos mercantiles así de giro como al portador, según las leyes vigentes en la península, ultramar y filipinas, códigos de comercio extranjeros y jurisprudencia del Tribunal supremo.</subfield><subfield code='d'>Barcelona, M. Soler, 1894</subfield><subfield code='w'>(OCoLC)902740986</subfield></datafield><datafield ind1='1' ind2=' ' tag='583'><subfield code='a'>committed to retain</subfield><subfield code='c'>20181001</subfield><subfield code='d'>in perpetuity</subfield><subfield code='f'>ReCAP Shared Collection</subfield><subfield code='5'>HUL</subfield><subfield code='8'>221939418680003941</subfield></datafield><datafield ind1='8' ind2=' ' tag='852'><subfield code='c'>HD</subfield><subfield code='h'>SPA</subfield><subfield code='i'>931</subfield><subfield code='i'>HUG</subfield><subfield code='0'>11183117</subfield><subfield code='b'>scsbhl</subfield></datafield><datafield ind1=' ' ind2=' ' tag='876'><subfield code='0'>11183117</subfield><subfield code='a'>16907330</subfield><subfield code='h'> </subfield><subfield code='j'>Available</subfield><subfield code='k'>LAW</subfield><subfield code='p'>32044061865895</subfield><subfield code='x'>Shared</subfield><subfield code='z'>HL</subfield><subfield code='l'>HD</subfield></datafield></record>