
<record><leader>00000nam a2200241 a 4500</leader><controlfield tag='001'>SCSB-10919036</controlfield><controlfield tag='005'>20061106154443.0</controlfield><controlfield tag='008'>060926s2006    at c          000 0 eng  </controlfield><controlfield tag='009'>990102669790203941</controlfield><datafield ind1=' ' ind2=' ' tag='010'><subfield code='a'>^^2006491097</subfield></datafield><datafield ind1=' ' ind2=' ' tag='020'><subfield code='a'>9781864033373</subfield></datafield><datafield ind1=' ' ind2=' ' tag='020'><subfield code='a'>1864033371</subfield></datafield><datafield ind1=' ' ind2=' ' tag='035'><subfield code='a'>(OCoLC)75392925</subfield><subfield code='z'>(OCoLC)224794784</subfield><subfield code='z'>(OCoLC)809409342</subfield></datafield><datafield ind1=' ' ind2=' ' tag='040'><subfield code='a'>ANL</subfield><subfield code='b'>eng</subfield><subfield code='d'>ANL</subfield><subfield code='c'>DLC</subfield></datafield><datafield ind1=' ' ind2=' ' tag='042'><subfield code='a'>lccopycat</subfield></datafield><datafield ind1=' ' ind2=' ' tag='043'><subfield code='a'>u-at---</subfield></datafield><datafield ind1='0' ind2='0' tag='050'><subfield code='a'>HC79.W4</subfield><subfield code='b'>W47 2006</subfield></datafield><datafield ind1='0' ind2='4' tag='082'><subfield code='a'>305.52340994</subfield><subfield code='2'>22</subfield></datafield><datafield ind1='1' ind2=' ' tag='100'><subfield code='a'>West, Andrew.</subfield></datafield><datafield ind1='1' ind2='0' tag='245'><subfield code='a'>Now Australia :</subfield><subfield code='b'>inside the lifestyles of the rich &amp; tasteful /</subfield><subfield code='c'>Andrew West.</subfield></datafield><datafield ind1=' ' ind2=' ' tag='260'><subfield code='a'>North Melbourne, VIC :</subfield><subfield code='b'>Pluto Press,</subfield><subfield code='c'>2006.</subfield></datafield><datafield ind1=' ' ind2=' ' tag='300'><subfield code='a'>viii, 106 p. :</subfield><subfield code='b'>port. ;</subfield><subfield code='c'>24 cm.</subfield></datafield><datafield ind1=' ' ind2=' ' tag='504'><subfield code='a'>Includes bibliographical references.</subfield></datafield><datafield ind1='0' ind2=' ' tag='505'><subfield code='a'>1. The rich versus the tasteful -- 2. Education and work -- 3. Consumption -- 4. Lifestyle and play -- Conclusion. People like us.</subfield></datafield><datafield ind1=' ' ind2=' ' tag='520'><subfield code='a'>This book is the first in the new series of NOW Australia contemporary issues written in a reportage style, by Australia&apos;s leading journalists and writers, issues five times per year. In this issue, the author looks at Australia&apos;s upper middle class. These will be available on standing orders.</subfield></datafield><datafield ind1=' ' ind2='0' tag='650'><subfield code='a'>Rich people</subfield><subfield code='z'>Australia.</subfield></datafield><datafield ind1=' ' ind2='0' tag='650'><subfield code='a'>Lifestyles</subfield><subfield code='z'>Australia.</subfield></datafield><datafield ind1='1' ind2=' ' tag='583'><subfield code='a'>committed to retain</subfield><subfield code='c'>20181001</subfield><subfield code='d'>in perpetuity</subfield><subfield code='f'>ReCAP Shared Collection</subfield><subfield code='5'>HUL</subfield><subfield code='8'>222102114750003941</subfield></datafield><datafield ind1='0' ind2=' ' tag='852'><subfield code='c'>HD</subfield><subfield code='h'>HC79.W4</subfield><subfield code='i'>W47 2006</subfield><subfield code='0'>11712520</subfield><subfield code='b'>scsbhl</subfield></datafield><datafield ind1=' ' ind2=' ' tag='876'><subfield code='0'>11712520</subfield><subfield code='a'>17461707</subfield><subfield code='h'> </subfield><subfield code='j'>Available</subfield><subfield code='k'>WID</subfield><subfield code='p'>32044109720557</subfield><subfield code='x'>Shared</subfield><subfield code='z'>HW</subfield><subfield code='l'>HD</subfield></datafield></record>