
<record><leader>00981nam a2200301 a 4500</leader><controlfield tag='001'>SCSB-12650541</controlfield><controlfield tag='005'>20020606090541.3</controlfield><controlfield tag='008'>870702s1986    enk           00010 eng d</controlfield><controlfield tag='009'>990013032760203941</controlfield><datafield ind1=' ' ind2=' ' tag='010'><subfield code='a'>gb^87035047^</subfield></datafield><datafield ind1=' ' ind2=' ' tag='015'><subfield code='a'>GB87-35047</subfield></datafield><datafield ind1=' ' ind2=' ' tag='020'><subfield code='c'>No price (pbk)</subfield></datafield><datafield ind1=' ' ind2=' ' tag='035'><subfield code='a'>(OCoLC)16473468</subfield><subfield code='z'>(OCoLC)1436006516</subfield></datafield><datafield ind1=' ' ind2=' ' tag='040'><subfield code='a'>UKM</subfield><subfield code='c'>UKM</subfield><subfield code='d'>HLS</subfield></datafield><datafield ind1=' ' ind2=' ' tag='043'><subfield code='a'>e-uk-en</subfield></datafield><datafield ind1='1' ind2=' ' tag='050'><subfield code='a'>HD7334.H8</subfield></datafield><datafield ind1='0' ind2=' ' tag='082'><subfield code='a'>362.7/044</subfield><subfield code='2'>19</subfield></datafield><datafield ind1='1' ind2=' ' tag='100'><subfield code='a'>West, Andrew.</subfield></datafield><datafield ind1='1' ind2='0' tag='245'><subfield code='a'>No fixed abode :</subfield><subfield code='b'>a report on the homelessness and housing problems of unemployed young people in Hull /</subfield><subfield code='c'>Andrew West.</subfield></datafield><datafield ind1=' ' ind2=' ' tag='260'><subfield code='a'>Hull (100 Alfred Gelder St, Hull HU1 2AE) :</subfield><subfield code='b'>Centre for the Young Unemployed,</subfield><subfield code='c'>c1986.</subfield></datafield><datafield ind1=' ' ind2=' ' tag='300'><subfield code='a'>74 p. ;</subfield><subfield code='c'>30 cm.</subfield></datafield><datafield ind1=' ' ind2=' ' tag='504'><subfield code='a'>Bibliography: p. 73-74.</subfield></datafield><datafield ind1=' ' ind2='0' tag='650'><subfield code='a'>Youth</subfield><subfield code='x'>Housing</subfield><subfield code='z'>England</subfield><subfield code='z'>Hull.</subfield></datafield><datafield ind1=' ' ind2='0' tag='650'><subfield code='a'>Homeless youth</subfield><subfield code='z'>England</subfield><subfield code='z'>Hull.</subfield></datafield><datafield ind1=' ' ind2='0' tag='650'><subfield code='a'>Youth</subfield><subfield code='x'>Employment</subfield><subfield code='z'>England</subfield><subfield code='z'>Hull.</subfield></datafield><datafield ind1=' ' ind2=' ' tag='653'><subfield code='a'>Humberside</subfield><subfield code='a'>Hull</subfield><subfield code='a'>Homeless unemployed young persons</subfield></datafield><datafield ind1='1' ind2=' ' tag='583'><subfield code='a'>committed to retain</subfield><subfield code='c'>20181001</subfield><subfield code='d'>in perpetuity</subfield><subfield code='f'>ReCAP Shared Collection</subfield><subfield code='5'>HUL</subfield><subfield code='8'>221807120230003941</subfield></datafield><datafield ind1='0' ind2=' ' tag='852'><subfield code='c'>HD</subfield><subfield code='h'>HD7334.H8</subfield><subfield code='0'>13494459</subfield><subfield code='b'>scsbhl</subfield></datafield><datafield ind1=' ' ind2=' ' tag='876'><subfield code='0'>13494459</subfield><subfield code='a'>19313245</subfield><subfield code='h'> </subfield><subfield code='j'>Available</subfield><subfield code='k'>WID</subfield><subfield code='p'>HW61U7</subfield><subfield code='x'>Shared</subfield><subfield code='z'>HW</subfield><subfield code='l'>HD</subfield></datafield></record>