
<record><leader>00976ntm a2200277 a 4500</leader><controlfield tag='001'>SCSB-10347417</controlfield><controlfield tag='005'>20210922205327.0</controlfield><controlfield tag='008'>960718r19971996xx a     b    000|0 eng d</controlfield><controlfield tag='009'>990074583300203941</controlfield><datafield ind1=' ' ind2=' ' tag='035'><subfield code='a'>(OCoLC)71268116</subfield></datafield><datafield ind1=' ' ind2=' ' tag='040'><subfield code='a'>MH-L</subfield><subfield code='c'>MH-L</subfield></datafield><datafield ind1=' ' ind2=' ' tag='043'><subfield code='a'>n-us---</subfield></datafield><datafield ind1=' ' ind2='4' tag='050'><subfield code='a'>KF3464.15</subfield><subfield code='b'>.W47x 1996a</subfield></datafield><datafield ind1='1' ind2=' ' tag='100'><subfield code='a'>West, Andrew V.</subfield></datafield><datafield ind1='1' ind2='0' tag='245'><subfield code='a'>Assessment of statutory policy enforcement :</subfield><subfield code='b'>the Equal Employment Opportunity Commission public sector complaint process /</subfield><subfield code='c'>Andrew V. West.</subfield></datafield><datafield ind1=' ' ind2=' ' tag='260'><subfield code='c'>1996.</subfield></datafield><datafield ind1=' ' ind2=' ' tag='300'><subfield code='a'>viii, 148 leaves :</subfield><subfield code='b'>ill.</subfield></datafield><datafield ind1=' ' ind2=' ' tag='502'><subfield code='a'>Thesis (Ph. D.)--American University, 1996.</subfield></datafield><datafield ind1=' ' ind2=' ' tag='504'><subfield code='a'>Includes bibliographical references (leaves 144-148).</subfield></datafield><datafield ind1=' ' ind2='0' tag='650'><subfield code='a'>Complaints (Administrative procedure)</subfield><subfield code='z'>United States.</subfield></datafield><datafield ind1='1' ind2='0' tag='610'><subfield code='a'>United States.</subfield><subfield code='b'>Equal Employment Opportunity Commission.</subfield></datafield><datafield ind1=' ' ind2='0' tag='650'><subfield code='a'>Discrimination in employment</subfield><subfield code='z'>United States</subfield></datafield><datafield ind1='1' ind2=' ' tag='583'><subfield code='a'>committed to retain</subfield><subfield code='c'>20181001</subfield><subfield code='d'>in perpetuity</subfield><subfield code='f'>ReCAP Shared Collection</subfield><subfield code='5'>HUL</subfield><subfield code='8'>222021796560003941</subfield></datafield><datafield ind1='0' ind2=' ' tag='852'><subfield code='c'>HD</subfield><subfield code='h'>KF3464.15</subfield><subfield code='i'>.W47x 1996a</subfield><subfield code='0'>11117441</subfield><subfield code='b'>scsbhl</subfield></datafield><datafield ind1=' ' ind2=' ' tag='876'><subfield code='0'>11117441</subfield><subfield code='a'>16838356</subfield><subfield code='h'> </subfield><subfield code='j'>Available</subfield><subfield code='k'>LAW</subfield><subfield code='p'>32044088433172</subfield><subfield code='x'>Shared</subfield><subfield code='z'>HL</subfield><subfield code='l'>HD</subfield></datafield></record>