
<record><leader>01407cam a2200421 i 4500</leader><controlfield tag='001'>SCSB-9883150</controlfield><controlfield tag='005'>20180907104229.0</controlfield><controlfield tag='008'>150715s2015    th       b    000 0 eng  </controlfield><controlfield tag='009'>990144474140203941</controlfield><datafield ind1=' ' ind2=' ' tag='010'><subfield code='a'>^^2015316797</subfield></datafield><datafield ind1=' ' ind2=' ' tag='020'><subfield code='a'>00435355444</subfield></datafield><datafield ind1=' ' ind2=' ' tag='020'><subfield code='a'>9786167858043</subfield></datafield><datafield ind1=' ' ind2=' ' tag='020'><subfield code='a'>6167858047</subfield></datafield><datafield ind1=' ' ind2=' ' tag='035'><subfield code='a'>(MH)014447414HVD01-Aleph</subfield></datafield><datafield ind1=' ' ind2=' ' tag='035'><subfield code='a'>(OCoLC)913957700</subfield></datafield><datafield ind1=' ' ind2=' ' tag='040'><subfield code='a'>DLC</subfield><subfield code='b'>eng</subfield><subfield code='e'>rda</subfield><subfield code='c'>DLC</subfield><subfield code='d'>DKAGE</subfield><subfield code='d'>OCLCF</subfield><subfield code='d'>ZCU</subfield></datafield><datafield ind1='0' ind2=' ' tag='041'><subfield code='a'>eng</subfield><subfield code='a'>tha</subfield></datafield><datafield ind1=' ' ind2=' ' tag='042'><subfield code='a'>lcode</subfield></datafield><datafield ind1=' ' ind2=' ' tag='043'><subfield code='a'>a-th---</subfield></datafield><datafield ind1='0' ind2='0' tag='050'><subfield code='a'>N7321</subfield><subfield code='b'>.W37 2015</subfield></datafield><datafield ind1='0' ind2='4' tag='082'><subfield code='a'>709.593</subfield><subfield code='2'>23</subfield></datafield><datafield ind1='1' ind2=' ' tag='100'><subfield code='a'>West, Andrew J.,</subfield><subfield code='d'>1967-</subfield><subfield code='e'>author.</subfield></datafield><datafield ind1='1' ind2='0' tag='245'><subfield code='a'>Thai neo traditional art /</subfield><subfield code='c'>writers, Andrew J. West, Pimphan Hansrisakul.</subfield></datafield><datafield ind1=' ' ind2='1' tag='264'><subfield code='a'>Bangkok, Thailand :</subfield><subfield code='b'>Museum of Contemporary Art,</subfield><subfield code='c'>2015.</subfield></datafield><datafield ind1=' ' ind2=' ' tag='300'><subfield code='a'>231 pages ;</subfield><subfield code='c'>31 cm</subfield></datafield><datafield ind1=' ' ind2=' ' tag='336'><subfield code='a'>text</subfield><subfield code='b'>txt</subfield><subfield code='2'>rdacontent</subfield></datafield><datafield ind1=' ' ind2=' ' tag='337'><subfield code='a'>unmediated</subfield><subfield code='b'>n</subfield><subfield code='2'>rdamedia</subfield></datafield><datafield ind1=' ' ind2=' ' tag='338'><subfield code='a'>volume</subfield><subfield code='b'>nc</subfield><subfield code='2'>rdacarrier</subfield></datafield><datafield ind1=' ' ind2=' ' tag='546'><subfield code='a'>In English, with some text in Thai.</subfield></datafield><datafield ind1=' ' ind2=' ' tag='504'><subfield code='a'>Includes bibliographical references (pages 230-231).</subfield></datafield><datafield ind1=' ' ind2='0' tag='650'><subfield code='a'>Art, Thai</subfield><subfield code='y'>20th century</subfield><subfield code='v'>Exhibitions</subfield></datafield><datafield ind1=' ' ind2='0' tag='650'><subfield code='a'>Art, Thai</subfield><subfield code='y'>21st century</subfield><subfield code='v'>Exhibitions.</subfield></datafield><datafield ind1=' ' ind2='0' tag='650'><subfield code='a'>Painting, Thai</subfield><subfield code='y'>20th century</subfield><subfield code='v'>Exhibitions.</subfield></datafield><datafield ind1=' ' ind2='0' tag='650'><subfield code='a'>Painting, Thai</subfield><subfield code='y'>21st century</subfield><subfield code='v'>Exhibitions.</subfield></datafield><datafield ind1=' ' ind2='7' tag='650'><subfield code='a'>Art, Thai.</subfield><subfield code='2'>fast</subfield></datafield><datafield ind1=' ' ind2='0' tag='650'><subfield code='a'>Art, Thai</subfield></datafield><datafield ind1='0' ind2=' ' tag='700'><subfield code='a'>Pimphan Hansrisakul,</subfield><subfield code='e'>author.</subfield></datafield><datafield ind1='1' ind2=' ' tag='583'><subfield code='a'>committed to retain</subfield><subfield code='c'>20181001</subfield><subfield code='d'>in perpetuity</subfield><subfield code='f'>ReCAP Shared Collection</subfield><subfield code='5'>HUL</subfield><subfield code='8'>222178015830003941</subfield></datafield><datafield ind1='0' ind2=' ' tag='852'><subfield code='c'>HD</subfield><subfield code='h'>N7321</subfield><subfield code='i'>.W47 2015</subfield><subfield code='0'>10619254</subfield><subfield code='b'>scsbhl</subfield></datafield><datafield ind1=' ' ind2=' ' tag='876'><subfield code='0'>10619254</subfield><subfield code='a'>16306114</subfield><subfield code='h'> </subfield><subfield code='j'>Available</subfield><subfield code='k'>FAL</subfield><subfield code='p'>32044136891868</subfield><subfield code='x'>Shared</subfield><subfield code='z'>FL</subfield><subfield code='l'>HD</subfield></datafield></record>