
<record><leader>05327cjm a2200697Ia 4500</leader><controlfield tag='001'>SCSB-5587374</controlfield><controlfield tag='003'>NNC</controlfield><controlfield tag='005'>20221206070720.0</controlfield><controlfield tag='007'>sd fungnnmmned</controlfield><controlfield tag='007'>sd fungnnmmnee</controlfield><controlfield tag='008'>010718p20001951gw mun   ei       n zxx d</controlfield><controlfield tag='009'>8861991</controlfield><datafield ind1='0' ind2='2' tag='028'><subfield code='a'>74321 73513 2</subfield><subfield code='b'>BMG Ariola Classics</subfield></datafield><datafield ind1='0' ind2='0' tag='028'><subfield code='a'>74321 73656 2</subfield><subfield code='b'>BMG Ariola Classics</subfield></datafield><datafield ind1=' ' ind2=' ' tag='035'><subfield code='a'>(OCoLC)ocm47362936</subfield></datafield><datafield ind1=' ' ind2=' ' tag='035'><subfield code='a'>(OCoLC)47362936</subfield></datafield><datafield ind1=' ' ind2=' ' tag='035'><subfield code='a'>(NNC)8861991</subfield></datafield><datafield ind1=' ' ind2=' ' tag='035'><subfield code='a'>8861991</subfield></datafield><datafield ind1=' ' ind2=' ' tag='040'><subfield code='a'>BUF</subfield><subfield code='c'>BUF</subfield><subfield code='d'>OCLCQ</subfield><subfield code='d'>OCLCG</subfield><subfield code='d'>OCLCA</subfield><subfield code='d'>WCM</subfield><subfield code='d'>NNC</subfield></datafield><datafield ind1='0' ind2=' ' tag='041'><subfield code='g'>ger</subfield></datafield><datafield ind1=' ' ind2=' ' tag='043'><subfield code='a'>e-gx---</subfield></datafield><datafield ind1=' ' ind2=' ' tag='047'><subfield code='a'>co</subfield><subfield code='a'>sy</subfield></datafield><datafield ind1='0' ind2='0' tag='245'><subfield code='a'>Neue Weltmusik.</subfield></datafield><datafield ind1=' ' ind2=' ' tag='260'><subfield code='a'>[Germany] :</subfield><subfield code='b'>RCA Red Seal/BMG Ariola Classics :</subfield><subfield code='b'>Deutscher Musikrat,</subfield><subfield code='c'>[2000], ℗2000.</subfield></datafield><datafield ind1=' ' ind2=' ' tag='300'><subfield code='a'>1 audio disc :</subfield><subfield code='b'>digital ;</subfield><subfield code='c'>4 3/4 in.</subfield></datafield><datafield ind1=' ' ind2=' ' tag='336'><subfield code='a'>performed music</subfield><subfield code='b'>prm</subfield><subfield code='2'>rdacontent</subfield></datafield><datafield ind1=' ' ind2=' ' tag='337'><subfield code='a'>audio</subfield><subfield code='b'>s</subfield><subfield code='2'>rdamedia</subfield></datafield><datafield ind1='1' ind2=' ' tag='490'><subfield code='a'>Musik in Deutschland 1950-2000</subfield></datafield><datafield ind1=' ' ind2=' ' tag='500'><subfield code='a'>Issued as part of the documentary series Musik in Deutschland 1950-2000, in the section Musik für Orchester: Sinfonische Musik of the branch Konzertmusik. Issue number on original container: 74321 73656 2.</subfield></datafield><datafield ind1=' ' ind2=' ' tag='500'><subfield code='a'>For piano, ondes martenot and orchestra (1st work); orchestra (2nd, 3rd, 4th &amp; 6th works); piano and orchestra (5th work).</subfield></datafield><datafield ind1='0' ind2=' ' tag='511'><subfield code='a'>Yvonne Loriod (1st work), Nina Tichman (5th work), pianos ; Ginette Martenot, ondes martenot (1st work) ; SWR Sinfonieorchester Baden-Baden und Freiburg (1st, 3rd &amp; 4th works) ; Symphonieorchester des Bayerischen Rundfunks (2nd work) ; Rundfunk-Sinfonieorchester Frankfurt (5th work) ; Deutsches Symphonie-Orchester Berlin (6th work) ; Hans Rosbaud, Patrick Thomas, Sylvain Cambreling, Cristóbal Halffter, Dmitrij Kitajenko, Friedrich Goldmann, conductors.</subfield></datafield><datafield ind1=' ' ind2=' ' tag='518'><subfield code='a'>Recorded Dec. 23-24, 1951; Jan. 29, 1982; Oct. 18, 1980; Oct. 17, 1980; June 10, 1994; Mar. 19, 1995.</subfield></datafield><datafield ind1=' ' ind2=' ' tag='500'><subfield code='a'>Compact disc.</subfield></datafield><datafield ind1=' ' ind2=' ' tag='500'><subfield code='a'>Program notes in German (22 p. : ills.) inserted in container.</subfield></datafield><datafield ind1='0' ind2=' ' tag='505'><subfield code='a'>Turangalîla-symphony. III Turangalîla I / Olivier Messiaen (5:21) -- Morgenlied / Nicolaus A. Huber (17:35) -- Sori / Younghi Pagh-Paan (17:13) -- Ländler-Topographien. Teil 3 ; Teil 4 / Walter Zimmermann (8:06; 3:09) -- Fünf Konzerte für Klavier und Orchester. Scherzo/Ankunft / Peter Michael Hamel (5:17) -- Stille und Klang / Steffen Schleiermacher (22:41).</subfield></datafield><datafield ind1=' ' ind2='0' tag='650'><subfield code='a'>Orchestral music.</subfield><subfield code='0'>http://id.loc.gov/authorities/subjects/sh85095326</subfield></datafield><datafield ind1=' ' ind2='0' tag='650'><subfield code='a'>Symphonies (Piano with orchestra)</subfield><subfield code='0'>http://id.loc.gov/authorities/subjects/sh85131508</subfield></datafield><datafield ind1=' ' ind2='0' tag='650'><subfield code='a'>Concertos (Piano)</subfield><subfield code='0'>http://id.loc.gov/authorities/subjects/sh85030211</subfield></datafield><datafield ind1=' ' ind2='0' tag='650'><subfield code='a'>Music</subfield><subfield code='z'>Germany.</subfield><subfield code='0'>http://id.loc.gov/authorities/subjects/sh91004014</subfield></datafield><datafield ind1=' ' ind2='0' tag='650'><subfield code='a'>Music</subfield><subfield code='y'>20th century.</subfield><subfield code='0'>http://id.loc.gov/authorities/subjects/sh85088770</subfield></datafield><datafield ind1='1' ind2=' ' tag='700'><subfield code='a'>Loriod, Yvonne,</subfield><subfield code='e'>instrumentalist.</subfield><subfield code='4'>http://id.loc.gov/vocabulary/relators/itr</subfield><subfield code='0'>http://id.loc.gov/authorities/names/n81012218</subfield></datafield><datafield ind1='1' ind2=' ' tag='700'><subfield code='a'>Martenot, Ginette,</subfield><subfield code='d'>1902-1996,</subfield><subfield code='e'>instrumentalist.</subfield><subfield code='4'>http://id.loc.gov/vocabulary/relators/itr</subfield><subfield code='0'>http://id.loc.gov/authorities/names/n83050330</subfield></datafield><datafield ind1='1' ind2=' ' tag='700'><subfield code='a'>Tichman, Nina,</subfield><subfield code='e'>instrumentalist.</subfield><subfield code='4'>http://id.loc.gov/vocabulary/relators/itr</subfield><subfield code='0'>http://id.loc.gov/authorities/names/no94040658</subfield></datafield><datafield ind1='1' ind2=' ' tag='700'><subfield code='a'>Rosbaud, Hans,</subfield><subfield code='d'>1895-1962,</subfield><subfield code='e'>conductor.</subfield><subfield code='4'>http://id.loc.gov/vocabulary/relators/cnd</subfield><subfield code='0'>http://id.loc.gov/authorities/names/no88003264</subfield></datafield><datafield ind1='1' ind2=' ' tag='700'><subfield code='a'>Thomas, Patrick,</subfield><subfield code='d'>1932-2017,</subfield><subfield code='e'>conductor.</subfield><subfield code='4'>http://id.loc.gov/vocabulary/relators/cnd</subfield><subfield code='0'>http://id.loc.gov/authorities/names/no89007198</subfield></datafield><datafield ind1='1' ind2=' ' tag='700'><subfield code='a'>Cambreling, Sylvain,</subfield><subfield code='e'>conductor.</subfield><subfield code='4'>http://id.loc.gov/vocabulary/relators/cnd</subfield><subfield code='0'>http://id.loc.gov/authorities/names/n82056385</subfield></datafield><datafield ind1='1' ind2=' ' tag='700'><subfield code='a'>Halffter, Cristóbal,</subfield><subfield code='d'>1930-2021,</subfield><subfield code='e'>conductor.</subfield><subfield code='4'>http://id.loc.gov/vocabulary/relators/cnd</subfield><subfield code='0'>http://id.loc.gov/authorities/names/n81047760</subfield></datafield><datafield ind1='1' ind2=' ' tag='700'><subfield code='a'>Kitaenko, Dmitriĭ,</subfield><subfield code='e'>conductor.</subfield><subfield code='4'>http://id.loc.gov/vocabulary/relators/cnd</subfield><subfield code='0'>http://id.loc.gov/authorities/names/n85345712</subfield></datafield><datafield ind1='1' ind2=' ' tag='700'><subfield code='a'>Goldmann, Friedrich,</subfield><subfield code='d'>1941-2009,</subfield><subfield code='e'>conductor.</subfield><subfield code='4'>http://id.loc.gov/vocabulary/relators/cnd</subfield><subfield code='0'>http://id.loc.gov/authorities/names/n80042708</subfield></datafield><datafield ind1='1' ind2='2' tag='700'><subfield code='a'>Messiaen, Olivier,</subfield><subfield code='d'>1908-1992.</subfield><subfield code='t'>Turangalîla-symphonie.</subfield><subfield code='p'>Turangalîla I.</subfield></datafield><datafield ind1='1' ind2='2' tag='700'><subfield code='a'>Huber, Nicolaus A.</subfield><subfield code='t'>Morgenlied.</subfield></datafield><datafield ind1='1' ind2='2' tag='700'><subfield code='a'>Pagh-Paan, Younghi,</subfield><subfield code='d'>1945-</subfield><subfield code='t'>Sori.</subfield></datafield><datafield ind1='1' ind2='2' tag='700'><subfield code='a'>Zimmermann, Walter,</subfield><subfield code='d'>1949-</subfield><subfield code='t'>Lokale Musik.</subfield><subfield code='p'>Ländler Topographien.</subfield><subfield code='p'>Teil 3-4.</subfield></datafield><datafield ind1='1' ind2='2' tag='700'><subfield code='a'>Hamel, Peter Michael,</subfield><subfield code='d'>1947-</subfield><subfield code='t'>Concertos,</subfield><subfield code='m'>piano, orchestra.</subfield><subfield code='p'>Scherzo/Ankunft.</subfield></datafield><datafield ind1='1' ind2='2' tag='700'><subfield code='a'>Schleiermacher, Steffen.</subfield><subfield code='t'>Stille und Klang.</subfield></datafield><datafield ind1='2' ind2=' ' tag='710'><subfield code='a'>SWR Sinfonieorchester Baden-Baden und Freiburg,</subfield><subfield code='e'>performer.</subfield><subfield code='4'>http://id.loc.gov/vocabulary/relators/prf</subfield><subfield code='0'>http://id.loc.gov/authorities/names/no2001030776</subfield></datafield><datafield ind1='2' ind2=' ' tag='710'><subfield code='a'>Bayerischer Rundfunk.</subfield><subfield code='b'>Orchester,</subfield><subfield code='e'>performer.</subfield><subfield code='4'>http://id.loc.gov/vocabulary/relators/prf</subfield><subfield code='0'>http://id.loc.gov/authorities/names/n81100989</subfield></datafield><datafield ind1='2' ind2=' ' tag='710'><subfield code='a'>Hessischer Rundfunk.</subfield><subfield code='b'>Sinfonieorchester,</subfield><subfield code='e'>performer.</subfield><subfield code='4'>http://id.loc.gov/vocabulary/relators/prf</subfield><subfield code='0'>http://id.loc.gov/authorities/names/n81036988</subfield></datafield><datafield ind1='2' ind2=' ' tag='710'><subfield code='a'>Deutsches Symphonie-Orchester Berlin,</subfield><subfield code='e'>performer.</subfield><subfield code='4'>http://id.loc.gov/vocabulary/relators/prf</subfield><subfield code='0'>http://id.loc.gov/authorities/names/n98061142</subfield></datafield><datafield ind1=' ' ind2='0' tag='830'><subfield code='a'>Musik in Deutschland 1950-2000.</subfield><subfield code='p'>Konzertmusik.</subfield><subfield code='p'>Musik für Orchester.</subfield><subfield code='p'>Sinfonische Musik.</subfield><subfield code='p'>Porträt.</subfield></datafield><datafield ind1='8' ind2='0' tag='852'><subfield code='h'>CD20333</subfield><subfield code='0'>5581796</subfield><subfield code='b'>scsbcul</subfield></datafield><datafield ind1=' ' ind2=' ' tag='876'><subfield code='0'>5581796</subfield><subfield code='a'>8255086</subfield><subfield code='h'>In Library Use</subfield><subfield code='j'>Available</subfield><subfield code='p'>MR74977350</subfield><subfield code='t'>1</subfield><subfield code='x'>Shared</subfield><subfield code='z'>MR</subfield><subfield code='l'>RECAP</subfield></datafield></record>