
<record><leader>02413cjm a2200397Ia 4500</leader><controlfield tag='001'>SCSB-4819384</controlfield><controlfield tag='003'>NNC</controlfield><controlfield tag='005'>20221027043229.0</controlfield><controlfield tag='007'>sd fungnnmmned</controlfield><controlfield tag='008'>030507p20022000gw fmn   kd         por d</controlfield><controlfield tag='009'>4135609</controlfield><datafield ind1='3' ind2=' ' tag='024'><subfield code='a'>4010228153521</subfield></datafield><datafield ind1='0' ind2='2' tag='028'><subfield code='a'>SM 1535 2</subfield><subfield code='b'>Wergo</subfield></datafield><datafield ind1=' ' ind2=' ' tag='035'><subfield code='a'>(OCoLC)ocm52199719</subfield></datafield><datafield ind1=' ' ind2=' ' tag='035'><subfield code='a'>(NNC)4135609</subfield></datafield><datafield ind1=' ' ind2=' ' tag='035'><subfield code='a'>4135609</subfield></datafield><datafield ind1=' ' ind2=' ' tag='040'><subfield code='a'>FMZ</subfield><subfield code='c'>FMZ</subfield></datafield><datafield ind1='0' ind2=' ' tag='041'><subfield code='d'>por</subfield><subfield code='d'>eng</subfield><subfield code='d'>ger</subfield><subfield code='h'>por</subfield><subfield code='g'>eng</subfield><subfield code='g'>ger</subfield></datafield><datafield ind1=' ' ind2=' ' tag='043'><subfield code='a'>s-bl---</subfield></datafield><datafield ind1='0' ind2='0' tag='245'><subfield code='a'>Carimbó :</subfield><subfield code='b'>Dance music from Pará, Amazonia /</subfield><subfield code='c'>Verequete &amp; Grupo Uirapuru.</subfield></datafield><datafield ind1=' ' ind2=' ' tag='260'><subfield code='a'>Mainz, Germany :</subfield><subfield code='b'>Wergo,</subfield><subfield code='c'>[2002], ℗2002.</subfield></datafield><datafield ind1=' ' ind2=' ' tag='300'><subfield code='a'>1 audio disc (59 min., 26 sec.) : digital ;</subfield><subfield code='c'>4 3/4 in. +</subfield><subfield code='e'>1 booklet (16 pages : black and white ; portraits).</subfield></datafield><datafield ind1=' ' ind2=' ' tag='336'><subfield code='a'>performed music</subfield><subfield code='b'>prm</subfield><subfield code='2'>rdacontent</subfield></datafield><datafield ind1=' ' ind2=' ' tag='337'><subfield code='a'>audio</subfield><subfield code='b'>s</subfield><subfield code='2'>rdamedia</subfield></datafield><datafield ind1='1' ind2=' ' tag='490'><subfield code='a'>Weltmusik</subfield></datafield><datafield ind1=' ' ind2=' ' tag='500'><subfield code='a'>Program notes (English and German) by Tiago de Oliveira Pinto, Lyrics (English, German and Portugese), and song descriptions in container.</subfield></datafield><datafield ind1='0' ind2=' ' tag='505'><subfield code='a'>Chama Verewuete (4:12) -- O carimbó do Pará (4:25) -- Comancheira (4:02) -- A sereia do mar (4:11) -- Ilha de Marajó (3:24) -- Festa na roça (2:59) -- Waudrilha (2:08) -- Ai como é bom pescar (4:07) -- Ponta de pedra (3:47) -- Retumbão (4:26) -- O peru (4:20) -- Corre garotinho (3:57) -- Galo (3:08) -- Lundum (3:22) -- Coisa de admirar (3:46) -- Verequete da Coluna (3:04)</subfield></datafield><datafield ind1='0' ind2=' ' tag='511'><subfield code='a'>Verequete (Augusto Gomes Rodrigues), vocalist ; Augusto Carlos, Nana de Paula, and Oliveiro da Rabeca, chorus ; Manezinho, saxophone ; Lopes, clarinet ; Curica, banjo ; Oliveira da Rebeca, violin ; Cancan, chocalho ; Augusto Carlos, João Batista, curimbó.</subfield></datafield><datafield ind1=' ' ind2=' ' tag='518'><subfield code='a'>Recorded live January 29-30, 2000, at the &quot;Estudio Edgar Proença da Funtelpa - Fundação de Telecomunicação do Pará - Radio e TV Cultura - Governo do Pará,&quot; Belém, Pará, Brazil.</subfield></datafield><datafield ind1=' ' ind2=' ' tag='508'><subfield code='a'>Produced by Tiago de Oliveira Pinto ; Conception : Johannes Odenthal, Gaby Tuch ; Sound engineer : Martin Seelig.</subfield></datafield><datafield ind1=' ' ind2=' ' tag='546'><subfield code='a'>Sung in Portugese.</subfield></datafield><datafield ind1=' ' ind2='0' tag='650'><subfield code='a'>Folk music</subfield><subfield code='z'>Brazil.</subfield><subfield code='0'>http://id.loc.gov/authorities/subjects/sh2002002605</subfield></datafield><datafield ind1='0' ind2=' ' tag='730'><subfield code='a'>Pro musica viva.</subfield><subfield code='0'>http://id.loc.gov/authorities/names/n94098547</subfield></datafield><datafield ind1='2' ind2=' ' tag='710'><subfield code='a'>Sender Freies Berlin.</subfield><subfield code='0'>http://id.loc.gov/authorities/names/n82209947</subfield></datafield><datafield ind1='2' ind2=' ' tag='710'><subfield code='a'>Haus der Kulturen der Welt.</subfield><subfield code='0'>http://id.loc.gov/authorities/names/n91024052</subfield></datafield><datafield ind1=' ' ind2='0' tag='830'><subfield code='a'>Weltmusik.</subfield></datafield><datafield ind1='8' ind2='0' tag='852'><subfield code='h'>CD8118</subfield><subfield code='0'>4829216</subfield><subfield code='b'>scsbcul</subfield></datafield><datafield ind1=' ' ind2=' ' tag='876'><subfield code='0'>4829216</subfield><subfield code='a'>7305411</subfield><subfield code='h'>In Library Use</subfield><subfield code='j'>Available</subfield><subfield code='p'>MR71866035</subfield><subfield code='t'>1</subfield><subfield code='x'>Shared</subfield><subfield code='z'>MR</subfield><subfield code='l'>RECAP</subfield></datafield></record>