
<record><leader>01164cam a2200301   4500</leader><controlfield tag='001'>SCSB-7035368</controlfield><controlfield tag='005'>19990221095527.1</controlfield><controlfield tag='008'>740108s1971    mdu           00| 0|eng| </controlfield><controlfield tag='009'>.b101263387</controlfield><datafield ind1=' ' ind2=' ' tag='010'><subfield code='a'>78609001</subfield></datafield><datafield ind1=' ' ind2=' ' tag='040'><subfield code='c'>NN</subfield><subfield code='d'>NN</subfield><subfield code='d'>WaOLN</subfield></datafield><datafield ind1=' ' ind2='0' tag='050'><subfield code='a'>RA410.7</subfield><subfield code='b'>.S74</subfield></datafield><datafield ind1='1' ind2=' ' tag='100'><subfield code='a'>Stewart, Paula A.</subfield></datafield><datafield ind1='1' ind2='0' tag='245'><subfield code='a'>Health manpower; a county and metropolitan area data book</subfield><subfield code='b'>[reported by the National Center for Health Statistics. By Paula A. Stewart.1st ed.]</subfield></datafield><datafield ind1=' ' ind2=' ' tag='250'><subfield code='a'>1st ed.</subfield></datafield><datafield ind1=' ' ind2=' ' tag='260'><subfield code='a'>Rockville, Md.,</subfield><subfield code='b'>National Center for Health Statistics; [for sale by the Supt. of Docs., U. S. Govt. Print. Off.]</subfield><subfield code='c'>1971.</subfield></datafield><datafield ind1=' ' ind2=' ' tag='300'><subfield code='a'>iv, 164 p.</subfield><subfield code='c'>27 cm.</subfield></datafield><datafield ind1=' ' ind2=' ' tag='490'><subfield code='a'>NCHS reports.</subfield></datafield><datafield ind1=' ' ind2=' ' tag='500'><subfield code='a'>Public Health Service publication no. 2044</subfield></datafield><datafield ind1=' ' ind2=' ' tag='504'><subfield code='a'>Includes bibliographical references.</subfield></datafield><datafield ind1=' ' ind2='0' tag='650'><subfield code='a'>Medical personnel</subfield><subfield code='z'>United States</subfield><subfield code='x'>Statistics.</subfield></datafield><datafield ind1='2' ind2=' ' tag='710'><subfield code='a'>National Center for Health Statistics (U.S.)</subfield></datafield><datafield ind1=' ' ind2=' ' tag='907'><subfield code='a'>.b101263387</subfield><subfield code='c'>m</subfield><subfield code='d'>a</subfield><subfield code='e'>-</subfield><subfield code='f'>eng</subfield><subfield code='g'>mdu</subfield><subfield code='h'>0</subfield><subfield code='i'>2</subfield></datafield><datafield ind1=' ' ind2=' ' tag='991'><subfield code='y'>6776721</subfield></datafield><datafield ind1=' ' ind2=' ' tag='035'><subfield code='a'>(OCoLC)6776721</subfield></datafield><datafield ind1='8' ind2=' ' tag='852'><subfield code='h'>JLF 74-85</subfield><subfield code='0'>7123582</subfield><subfield code='b'>scsbnypl</subfield></datafield><datafield ind1=' ' ind2=' ' tag='876'><subfield code='0'>7123582</subfield><subfield code='a'>11511922</subfield><subfield code='j'>Available</subfield><subfield code='p'>33433006330868</subfield><subfield code='t'>1</subfield><subfield code='x'>Open</subfield><subfield code='z'>NA</subfield><subfield code='l'>RECAP</subfield></datafield></record>