
<record><leader>00935nam a2200241Ii 4500</leader><controlfield tag='001'>SCSB-10050322</controlfield><controlfield tag='005'>20020606090541.3</controlfield><controlfield tag='008'>780323s1978    dcub         f00000 eng d</controlfield><controlfield tag='009'>990009437080203941</controlfield><datafield ind1=' ' ind2=' ' tag='020'><subfield code='b'>pbk. :</subfield><subfield code='c'>$2.75</subfield></datafield><datafield ind1=' ' ind2=' ' tag='035'><subfield code='a'>(OCoLC)3741639</subfield></datafield><datafield ind1=' ' ind2=' ' tag='040'><subfield code='a'>GPO</subfield><subfield code='c'>GPO</subfield><subfield code='d'>m.c.</subfield></datafield><datafield ind1=' ' ind2=' ' tag='043'><subfield code='a'>n-us---</subfield></datafield><datafield ind1=' ' ind2='4' tag='050'><subfield code='a'>HA202</subfield><subfield code='b'>.A3612 1977x</subfield></datafield><datafield ind1='0' ind2=' ' tag='086'><subfield code='a'>C 3.134/2 a:St 29</subfield></datafield><datafield ind1='0' ind2='0' tag='245'><subfield code='a'>Statistics for states and metropolitan areas :</subfield><subfield code='b'>preprint from County and city data book, 1977 : regions, divisions, states, metropolitan areas.</subfield></datafield><datafield ind1=' ' ind2=' ' tag='260'><subfield code='a'>Washington :</subfield><subfield code='b'>Dept. of Commerce, Bureau of the Census : for sale by the Supt. of Docs., U.S. G.P.O.,</subfield><subfield code='c'>1978.</subfield></datafield><datafield ind1=' ' ind2=' ' tag='300'><subfield code='a'>101 p. in various pagings :</subfield><subfield code='b'>map ;</subfield><subfield code='c'>29 cm.</subfield></datafield><datafield ind1=' ' ind2='0' tag='650'><subfield code='a'>Cities and towns</subfield><subfield code='z'>United States</subfield><subfield code='v'>Statistics</subfield></datafield><datafield ind1=' ' ind2='0' tag='651'><subfield code='a'>United States</subfield><subfield code='v'>Statistics</subfield></datafield><datafield ind1=' ' ind2='7' tag='655'><subfield code='a'>Statistics</subfield><subfield code='2'>fast</subfield><subfield code='0'>(OCoLC)fst01423727</subfield></datafield><datafield ind1='1' ind2=' ' tag='710'><subfield code='a'>United States.</subfield><subfield code='b'>Bureau of the Census</subfield></datafield><datafield ind1='1' ind2=' ' tag='710'><subfield code='a'>United States.</subfield><subfield code='b'>Bureau of the Census.</subfield><subfield code='t'>County and city data book.</subfield></datafield><datafield ind1='1' ind2=' ' tag='583'><subfield code='a'>committed to retain</subfield><subfield code='c'>20181001</subfield><subfield code='d'>in perpetuity</subfield><subfield code='f'>ReCAP Shared Collection</subfield><subfield code='5'>HUL</subfield><subfield code='8'>221787868860003941</subfield></datafield><datafield ind1='0' ind2=' ' tag='852'><subfield code='c'>HD</subfield><subfield code='h'>HA729.A1</subfield><subfield code='i'>S73x</subfield><subfield code='0'>10798643</subfield><subfield code='b'>scsbhl</subfield></datafield><datafield ind1=' ' ind2=' ' tag='876'><subfield code='0'>10798643</subfield><subfield code='a'>16499331</subfield><subfield code='h'> </subfield><subfield code='j'>Available</subfield><subfield code='k'>DES</subfield><subfield code='p'>32044135570810</subfield><subfield code='x'>Shared</subfield><subfield code='z'>DL</subfield><subfield code='l'>HD</subfield></datafield></record>