
<record><leader>00000cam  2200229   4500</leader><controlfield tag='001'>SCSB-6253605</controlfield><controlfield tag='005'>20000629172920.0</controlfield><controlfield tag='008'>780627s1964    vaua          00| 0|eng|dcam   </controlfield><controlfield tag='009'>.b104975325</controlfield><datafield ind1='1' ind2=' ' tag='110'><subfield code='a'>Virginia.</subfield><subfield code='b'>Division of Industrial Development and Planning.</subfield></datafield><datafield ind1=' ' ind2='0' tag='651'><subfield code='a'>Richmond Metropolitan Area</subfield><subfield code='x'>Economic conditions.</subfield></datafield><datafield ind1=' ' ind2=' ' tag='500'><subfield code='a'>Microfilm.</subfield></datafield><datafield ind1=' ' ind2=' ' tag='500'><subfield code='a'>Cover title.</subfield></datafield><datafield ind1=' ' ind2=' ' tag='260'><subfield code='a'>[Richmond,</subfield><subfield code='c'>1964]</subfield></datafield><datafield ind1=' ' ind2=' ' tag='300'><subfield code='a'>35 p.</subfield><subfield code='b'>map.</subfield><subfield code='c'>28 cm.</subfield></datafield><datafield ind1='1' ind2='0' tag='245'><subfield code='a'>Richmond standard metropolitan area, Virginia, economic data summary,</subfield><subfield code='b'>1964.</subfield></datafield><datafield ind1=' ' ind2=' ' tag='040'><subfield code='a'>NN</subfield><subfield code='c'>NN</subfield><subfield code='d'>WaOLN</subfield></datafield><datafield ind1=' ' ind2=' ' tag='997'><subfield code='a'>b</subfield><subfield code='b'>10-12-00</subfield><subfield code='c'>m</subfield><subfield code='d'>a</subfield><subfield code='e'>-</subfield><subfield code='f'>eng</subfield><subfield code='g'>vau</subfield><subfield code='h'>0</subfield></datafield><datafield ind1='0' ind2='0' tag='907'><subfield code='a'>.b104975325</subfield></datafield><datafield ind1='8' ind2=' ' tag='852'><subfield code='h'>*ZT-1161</subfield><subfield code='0'>9810444</subfield><subfield code='b'>scsbnypl</subfield></datafield><datafield ind1=' ' ind2=' ' tag='866'><subfield code='a'>no. 1-59</subfield><subfield code='0'>9810444</subfield></datafield><datafield ind1=' ' ind2=' ' tag='876'><subfield code='0'>9810444</subfield><subfield code='3'>no. 1-59</subfield><subfield code='a'>15510264</subfield><subfield code='h'>In Library Use</subfield><subfield code='j'>Available</subfield><subfield code='p'>33433066482633</subfield><subfield code='t'>1</subfield><subfield code='x'>Shared</subfield><subfield code='z'>NA</subfield><subfield code='l'>RECAP</subfield></datafield></record>