
<record><leader>00000cam a2200241I  4500</leader><controlfield tag='001'>SCSB-13072441</controlfield><controlfield tag='005'>20070607114745.0</controlfield><controlfield tag='008'>910919s1946    dcu      s   f000 0 eng d</controlfield><controlfield tag='009'>990105240290203941</controlfield><datafield ind1=' ' ind2=' ' tag='035'><subfield code='a'>(OCoLC)24421626</subfield></datafield><datafield ind1=' ' ind2=' ' tag='040'><subfield code='a'>MTH</subfield><subfield code='c'>MTH</subfield><subfield code='d'>OCL</subfield><subfield code='d'>OCLCQ</subfield></datafield><datafield ind1=' ' ind2=' ' tag='043'><subfield code='a'>n-us---</subfield></datafield><datafield ind1='1' ind2=' ' tag='110'><subfield code='a'>United States.</subfield><subfield code='b'>Bureau of Foreign and Domestic Commerce</subfield></datafield><datafield ind1='1' ind2='0' tag='245'><subfield code='a'>Metropolitan district basic data sheets.</subfield><subfield code='c'>Prepared by Area Development Division, Office of Small Business.</subfield></datafield><datafield ind1=' ' ind2=' ' tag='260'><subfield code='a'>[Washington, D.C.]</subfield><subfield code='b'>Dept. of Commerce, Bureau of Foreign and Domestic Commerce</subfield><subfield code='c'>[1946]</subfield></datafield><datafield ind1=' ' ind2=' ' tag='300'><subfield code='a'>85 p.</subfield><subfield code='c'>27 cm.</subfield></datafield><datafield ind1=' ' ind2=' ' tag='500'><subfield code='a'>&quot;Inquiry Reference Service.&quot;</subfield></datafield><datafield ind1=' ' ind2=' ' tag='500'><subfield code='a'>Statistics on population, occupations, housing and industries for 85 metropolitan districts (1939-1940 figures).</subfield></datafield><datafield ind1=' ' ind2='0' tag='650'><subfield code='a'>Metropolitan areas</subfield><subfield code='z'>United States</subfield><subfield code='v'>Statistics</subfield></datafield><datafield ind1=' ' ind2='0' tag='651'><subfield code='a'>United States</subfield><subfield code='x'>Economic conditions</subfield><subfield code='y'>1918-1945</subfield></datafield><datafield ind1=' ' ind2='0' tag='650'><subfield code='a'>Cities and towns</subfield><subfield code='z'>United States</subfield><subfield code='v'>Statistics</subfield></datafield><datafield ind1=' ' ind2='7' tag='648'><subfield code='a'>1918-1945</subfield><subfield code='2'>fast</subfield></datafield><datafield ind1=' ' ind2='7' tag='655'><subfield code='a'>Statistics</subfield><subfield code='2'>fast</subfield><subfield code='0'>(OCoLC)fst01423727</subfield></datafield><datafield ind1='1' ind2=' ' tag='583'><subfield code='a'>committed to retain</subfield><subfield code='c'>20181001</subfield><subfield code='d'>in perpetuity</subfield><subfield code='f'>ReCAP Shared Collection</subfield><subfield code='5'>HUL</subfield><subfield code='8'>222109420360003941</subfield></datafield><datafield ind1='8' ind2=' ' tag='852'><subfield code='c'>RD</subfield><subfield code='h'>US Doc</subfield><subfield code='0'>13932497</subfield><subfield code='b'>scsbhl</subfield></datafield><datafield ind1=' ' ind2=' ' tag='876'><subfield code='0'>13932497</subfield><subfield code='a'>19958913</subfield><subfield code='h'> </subfield><subfield code='j'>Available</subfield><subfield code='k'>WID</subfield><subfield code='p'>LI58P8</subfield><subfield code='x'>Shared</subfield><subfield code='z'>HV</subfield><subfield code='l'>RECAP</subfield></datafield></record>