
<record><leader>00000nam a22002654a 4500</leader><controlfield tag='001'>SCSB-10981700</controlfield><controlfield tag='005'>20081002182537.0</controlfield><controlfield tag='008'>080526s2007    it ab    b    000 0 ita  </controlfield><controlfield tag='009'>990115118570203941</controlfield><datafield ind1=' ' ind2=' ' tag='010'><subfield code='a'>^^2008437501</subfield></datafield><datafield ind1=' ' ind2=' ' tag='020'><subfield code='a'>9788884835871</subfield></datafield><datafield ind1=' ' ind2=' ' tag='035'><subfield code='a'>(OCoLC)214230497</subfield></datafield><datafield ind1=' ' ind2=' ' tag='040'><subfield code='a'>DLC</subfield><subfield code='c'>DLC</subfield></datafield><datafield ind1=' ' ind2=' ' tag='043'><subfield code='a'>a-ii---</subfield></datafield><datafield ind1='0' ind2='0' tag='050'><subfield code='a'>HX393.5</subfield><subfield code='b'>.P35 2007</subfield></datafield><datafield ind1='1' ind2=' ' tag='100'><subfield code='a'>Pagliani, Piero.</subfield></datafield><datafield ind1='1' ind2='0' tag='245'><subfield code='a'>Naxalbari India :</subfield><subfield code='b'>l&apos;insurrezione nella futura terza potenza mondiale /</subfield><subfield code='c'>Piero Pagliani.</subfield></datafield><datafield ind1=' ' ind2=' ' tag='260'><subfield code='a'>Milano :</subfield><subfield code='b'>Mimesis,</subfield><subfield code='c'>c2007.</subfield></datafield><datafield ind1=' ' ind2=' ' tag='300'><subfield code='a'>325 p. :</subfield><subfield code='b'>ill., maps ;</subfield><subfield code='c'>21 cm.</subfield></datafield><datafield ind1='1' ind2=' ' tag='490'><subfield code='a'>Eterotopie</subfield></datafield><datafield ind1=' ' ind2=' ' tag='500'><subfield code='a'>&quot;Con il contributo di Mallarika Sinha Roy, Attraverso la lente del genere, narrazioni di attiviste del movimento naxalita nel Bengala occidentale.&quot;</subfield></datafield><datafield ind1=' ' ind2=' ' tag='504'><subfield code='a'>Includes bibliographical references (p. 315-325).</subfield></datafield><datafield ind1=' ' ind2='0' tag='650'><subfield code='a'>Naxalite movement</subfield><subfield code='x'>History.</subfield></datafield><datafield ind1='1' ind2='2' tag='700'><subfield code='a'>Sinha Roy, Mallarika.</subfield><subfield code='t'>Attraverso la lente del genere, narrazioni di attiviste del movimento naxalita nel Bengala occidentale.</subfield></datafield><datafield ind1=' ' ind2='0' tag='830'><subfield code='a'>Eterotopie</subfield></datafield><datafield ind1='1' ind2=' ' tag='583'><subfield code='a'>committed to retain</subfield><subfield code='c'>20181001</subfield><subfield code='d'>in perpetuity</subfield><subfield code='f'>ReCAP Shared Collection</subfield><subfield code='5'>HUL</subfield><subfield code='8'>222121435150003941</subfield></datafield><datafield ind1='0' ind2=' ' tag='852'><subfield code='c'>HD</subfield><subfield code='h'>HX393.5</subfield><subfield code='i'>.P35 2007</subfield><subfield code='8'>222121435150003941</subfield><subfield code='0'>11777023</subfield><subfield code='b'>scsbhl</subfield></datafield><datafield ind1=' ' ind2=' ' tag='876'><subfield code='0'>11777023</subfield><subfield code='a'>17529196</subfield><subfield code='j'>Available</subfield><subfield code='k'>WID</subfield><subfield code='p'>32044108823022</subfield><subfield code='x'>Shared</subfield><subfield code='z'>HW</subfield><subfield code='l'>HD</subfield></datafield></record>