
<record><leader>01624cam a2200445 a 4500</leader><controlfield tag='001'>SCSB-5507265</controlfield><controlfield tag='003'>NNC</controlfield><controlfield tag='005'>20221206002718.0</controlfield><controlfield tag='008'>100128s2008    ii a          000 0aeng  </controlfield><controlfield tag='009'>7613950</controlfield><datafield ind1=' ' ind2=' ' tag='010'><subfield code='a'>  2008324561</subfield></datafield><datafield ind1=' ' ind2=' ' tag='020'><subfield code='a'>8188575631</subfield></datafield><datafield ind1=' ' ind2=' ' tag='020'><subfield code='a'>9788188575633</subfield></datafield><datafield ind1=' ' ind2=' ' tag='025'><subfield code='a'>I-E-2008-324561; 62-24; 70-92</subfield></datafield><datafield ind1=' ' ind2=' ' tag='035'><subfield code='a'>(OCoLC)ocn297347157</subfield></datafield><datafield ind1=' ' ind2=' ' tag='035'><subfield code='a'>(OCoLC)297347157</subfield></datafield><datafield ind1=' ' ind2=' ' tag='035'><subfield code='a'>(NNC)7613950</subfield></datafield><datafield ind1=' ' ind2=' ' tag='035'><subfield code='a'>7613950</subfield></datafield><datafield ind1=' ' ind2=' ' tag='037'><subfield code='b'>Library of Congress -- New Delhi Overseas Office</subfield><subfield code='c'>Rs195.00</subfield></datafield><datafield ind1=' ' ind2=' ' tag='040'><subfield code='a'>DLC</subfield><subfield code='c'>DLC</subfield><subfield code='d'>DKAGE</subfield></datafield><datafield ind1='1' ind2=' ' tag='041'><subfield code='a'>eng</subfield><subfield code='h'>mal</subfield></datafield><datafield ind1=' ' ind2=' ' tag='042'><subfield code='a'>lcode</subfield></datafield><datafield ind1=' ' ind2=' ' tag='043'><subfield code='a'>a-ii---</subfield></datafield><datafield ind1='0' ind2='0' tag='050'><subfield code='a'>DS485.K476</subfield><subfield code='b'>A243513 2008</subfield></datafield><datafield ind1='0' ind2='4' tag='082'><subfield code='a'>322.440 954 83</subfield><subfield code='2'>22</subfield></datafield><datafield ind1='0' ind2=' ' tag='100'><subfield code='a'>Ajita,</subfield><subfield code='d'>1950-</subfield><subfield code='0'>http://id.loc.gov/authorities/names/n83071064</subfield></datafield><datafield ind1='1' ind2='0' tag='240'><subfield code='a'>Ōrmakkur̲ippukaḷ.</subfield><subfield code='l'>English</subfield><subfield code='0'>http://id.loc.gov/authorities/names/n2008209987</subfield></datafield><datafield ind1='1' ind2='0' tag='245'><subfield code='a'>Kerala&apos;s naxalbari :</subfield><subfield code='b'>Ajitha, memoirs of a young revolutionary /</subfield><subfield code='c'>translated by Sanju Ramachandran.</subfield></datafield><datafield ind1=' ' ind2=' ' tag='260'><subfield code='a'>New Delhi :</subfield><subfield code='b'>Srishti Publishers &amp; Distributors,</subfield><subfield code='c'>2008.</subfield></datafield><datafield ind1=' ' ind2=' ' tag='300'><subfield code='a'>287 pages :</subfield><subfield code='b'>illustrations ;</subfield><subfield code='c'>23 cm</subfield></datafield><datafield ind1=' ' ind2=' ' tag='336'><subfield code='a'>text</subfield><subfield code='b'>txt</subfield><subfield code='2'>rdacontent</subfield></datafield><datafield ind1=' ' ind2=' ' tag='337'><subfield code='a'>unmediated</subfield><subfield code='b'>n</subfield><subfield code='2'>rdamedia</subfield></datafield><datafield ind1='0' ind2='0' tag='600'><subfield code='a'>Ajita,</subfield><subfield code='d'>1950-</subfield><subfield code='0'>http://id.loc.gov/authorities/names/n83071064</subfield></datafield><datafield ind1=' ' ind2='0' tag='650'><subfield code='a'>Radicals</subfield><subfield code='z'>India</subfield><subfield code='z'>Kerala</subfield><subfield code='v'>Biography.</subfield></datafield><datafield ind1=' ' ind2='0' tag='651'><subfield code='a'>Kerala (India)</subfield><subfield code='x'>Politics and government</subfield><subfield code='y'>20th century.</subfield></datafield><datafield ind1=' ' ind2='0' tag='650'><subfield code='a'>Naxalite movement</subfield><subfield code='z'>India</subfield><subfield code='z'>Kerala</subfield><subfield code='x'>History.</subfield></datafield><datafield ind1=' ' ind2='0' tag='651'><subfield code='a'>Kerala (India)</subfield><subfield code='v'>Biography.</subfield><subfield code='0'>http://id.loc.gov/authorities/subjects/sh2008115703</subfield></datafield><datafield ind1='0' ind2='0' tag='852'><subfield code='h'>DS485.K476 A243513 2008</subfield><subfield code='0'>5500118</subfield><subfield code='b'>scsbcul</subfield></datafield><datafield ind1=' ' ind2=' ' tag='876'><subfield code='0'>5500118</subfield><subfield code='a'>8155116</subfield><subfield code='h'> </subfield><subfield code='j'>Not Available</subfield><subfield code='p'>CU16342569</subfield><subfield code='t'>1</subfield><subfield code='x'>Shared</subfield><subfield code='z'>CU</subfield><subfield code='l'>RECAP</subfield></datafield></record>