
<record><leader>00000cam  2200289   4500</leader><controlfield tag='001'>SCSB-6555246</controlfield><controlfield tag='005'>20000629173542.0</controlfield><controlfield tag='008'>791029m19789999ii            001 0 eng  cam   </controlfield><controlfield tag='009'>.b105910922</controlfield><datafield ind1='1' ind2=' ' tag='700'><subfield code='a'>Sen, Samar,</subfield><subfield code='d'>1914-</subfield></datafield><datafield ind1='1' ind2=' ' tag='700'><subfield code='a'>Panda, Debabrata.</subfield></datafield><datafield ind1='1' ind2=' ' tag='700'><subfield code='a'>Lāhiṛī, Āśīsha.</subfield></datafield><datafield ind1='2' ind2='0' tag='610'><subfield code='a'>Communist Party of India (Marxist)</subfield></datafield><datafield ind1=' ' ind2='0' tag='650'><subfield code='a'>Communism</subfield><subfield code='z'>India.</subfield></datafield><datafield ind1=' ' ind2=' ' tag='010'><subfield code='a'>78907808</subfield></datafield><datafield ind1=' ' ind2=' ' tag='500'><subfield code='a'>Includes indexes.</subfield></datafield><datafield ind1=' ' ind2=' ' tag='260'><subfield code='a'>Calcutta :</subfield><subfield code='b'>Kathashilpa,</subfield><subfield code='c'>1978-</subfield></datafield><datafield ind1=' ' ind2=' ' tag='300'><subfield code='a'>v. ;</subfield><subfield code='c'>23 cm.</subfield></datafield><datafield ind1='0' ind2='0' tag='245'><subfield code='a'>Naxalbari and after :</subfield><subfield code='b'>a Frontier anthology /</subfield><subfield code='c'>edited by Samar Sen, Debabrata Panda, Ashish Lahiri.</subfield></datafield><datafield ind1=' ' ind2=' ' tag='040'><subfield code='c'>NN</subfield><subfield code='d'>NN</subfield><subfield code='d'>WaOLN</subfield></datafield><datafield ind1=' ' ind2=' ' tag='043'><subfield code='a'>a-ii</subfield></datafield><datafield ind1='0' ind2='0' tag='050'><subfield code='a'>JQ298.C62</subfield><subfield code='b'>N39</subfield></datafield><datafield ind1='0' ind2='0' tag='908'><subfield code='a'>JQ298.C62</subfield><subfield code='b'>N39</subfield></datafield><datafield ind1=' ' ind2=' ' tag='997'><subfield code='a'>b</subfield><subfield code='b'>10-13-00</subfield><subfield code='c'>m</subfield><subfield code='d'>a</subfield><subfield code='e'>-</subfield><subfield code='f'>eng</subfield><subfield code='g'>ii</subfield><subfield code='h'>0</subfield></datafield><datafield ind1=' ' ind2=' ' tag='991'><subfield code='y'>5334504</subfield></datafield><datafield ind1=' ' ind2=' ' tag='910'><subfield code='a'>RL</subfield></datafield><datafield ind1='0' ind2='0' tag='907'><subfield code='a'>.b105910922</subfield></datafield><datafield ind1=' ' ind2=' ' tag='035'><subfield code='a'>(OCoLC)5334504</subfield></datafield><datafield ind1='8' ind2=' ' tag='852'><subfield code='h'>JLL 79-459 v. 2</subfield><subfield code='0'>6630250</subfield><subfield code='b'>scsbnypl</subfield></datafield><datafield ind1=' ' ind2=' ' tag='866'><subfield code='a'>v. 2</subfield><subfield code='0'>6630250</subfield></datafield><datafield ind1=' ' ind2=' ' tag='876'><subfield code='0'>6630250</subfield><subfield code='3'>v. 1</subfield><subfield code='a'>10706694</subfield><subfield code='j'>Available</subfield><subfield code='p'>33433071901478</subfield><subfield code='t'>1</subfield><subfield code='x'>Shared</subfield><subfield code='z'>NA</subfield><subfield code='l'>RECAP</subfield></datafield><datafield ind1=' ' ind2=' ' tag='876'><subfield code='0'>6630250</subfield><subfield code='3'>v. 2</subfield><subfield code='a'>10706695</subfield><subfield code='j'>Available</subfield><subfield code='p'>33433071901486</subfield><subfield code='t'>1</subfield><subfield code='x'>Shared</subfield><subfield code='z'>NA</subfield><subfield code='l'>RECAP</subfield></datafield></record>