
<record><leader>01303cam a2200361 a 4500</leader><controlfield tag='001'>SCSB-5997343</controlfield><controlfield tag='005'>20000629175735.0</controlfield><controlfield tag='008'>870611s1983    ii            001 0 eng  </controlfield><controlfield tag='009'>.b111089645</controlfield><datafield ind1=' ' ind2=' ' tag='010'><subfield code='a'>83904874</subfield></datafield><datafield ind1=' ' ind2=' ' tag='040'><subfield code='d'>CStRLIN</subfield><subfield code='d'>WaOLN</subfield></datafield><datafield ind1='1' ind2=' ' tag='041'><subfield code='a'>engben</subfield></datafield><datafield ind1=' ' ind2=' ' tag='043'><subfield code='a'>a-ii---</subfield></datafield><datafield ind1='0' ind2='0' tag='050'><subfield code='a'>DS480.45</subfield><subfield code='b'>.S41813 1983</subfield></datafield><datafield ind1='0' ind2='0' tag='082'><subfield code='a'>320.5/32/0954</subfield><subfield code='2'>19</subfield></datafield><datafield ind1='1' ind2=' ' tag='100'><subfield code='a'>Sen Gupta, Promode.</subfield></datafield><datafield ind1='1' ind2='0' tag='245'><subfield code='a'>Naxalbari and Indian revolution /</subfield><subfield code='c'>Promode Sengupta.</subfield></datafield><datafield ind1=' ' ind2=' ' tag='260'><subfield code='a'>Calcutta :</subfield><subfield code='b'>Research India Publications,</subfield><subfield code='c'>1983.</subfield></datafield><datafield ind1=' ' ind2=' ' tag='300'><subfield code='a'>vii, 160 p. ;</subfield><subfield code='c'>22 cm.</subfield></datafield><datafield ind1=' ' ind2=' ' tag='500'><subfield code='a'>Translation of: Biplaba kona pathe?</subfield></datafield><datafield ind1=' ' ind2=' ' tag='500'><subfield code='a'>&quot;Interview of Promode Sengupta with Dr. A.K. Gupta, for Nehru Memorial Museum and Library, New Delhi, 4th February, 1971&quot;: p. [119]-157.</subfield></datafield><datafield ind1=' ' ind2=' ' tag='500'><subfield code='a'>Includes index.</subfield></datafield><datafield ind1=' ' ind2='0' tag='650'><subfield code='a'>Naxalite movement.</subfield></datafield><datafield ind1=' ' ind2='0' tag='650'><subfield code='a'>Communism</subfield><subfield code='z'>India.</subfield></datafield><datafield ind1=' ' ind2='0' tag='651'><subfield code='a'>India</subfield><subfield code='x'>Politics and government</subfield><subfield code='y'>20th century.</subfield></datafield><datafield ind1=' ' ind2=' ' tag='907'><subfield code='a'>.b111089645</subfield><subfield code='c'>m</subfield><subfield code='d'>a</subfield><subfield code='e'>-</subfield><subfield code='f'>eng</subfield><subfield code='g'>ii</subfield><subfield code='h'>0</subfield><subfield code='i'>2</subfield></datafield><datafield ind1=' ' ind2=' ' tag='991'><subfield code='y'>10448375</subfield></datafield><datafield ind1=' ' ind2=' ' tag='035'><subfield code='a'>(OCoLC)10448375</subfield></datafield><datafield ind1='8' ind2=' ' tag='852'><subfield code='h'>*OLP 02-5784</subfield><subfield code='0'>6009534</subfield><subfield code='b'>scsbnypl</subfield></datafield><datafield ind1=' ' ind2=' ' tag='876'><subfield code='0'>6009534</subfield><subfield code='a'>9690316</subfield><subfield code='j'>Available</subfield><subfield code='p'>33433020779009</subfield><subfield code='t'>1</subfield><subfield code='x'>Shared</subfield><subfield code='z'>NA</subfield><subfield code='l'>RECAP</subfield></datafield><datafield ind1='8' ind2=' ' tag='852'><subfield code='h'>JLD 87-560</subfield><subfield code='0'>6009535</subfield><subfield code='b'>scsbnypl</subfield></datafield><datafield ind1=' ' ind2=' ' tag='876'><subfield code='0'>6009535</subfield><subfield code='a'>9690317</subfield><subfield code='j'>Available</subfield><subfield code='p'>33433097647881</subfield><subfield code='t'>1</subfield><subfield code='x'>Shared</subfield><subfield code='z'>NA</subfield><subfield code='l'>RECAP</subfield></datafield></record>