
<record><leader>00753nam a2200277 a 4500</leader><controlfield tag='001'>SCSB-12308202</controlfield><controlfield tag='005'>20020606090541.3</controlfield><controlfield tag='008'>830319s1980    ii b          00010 eng  </controlfield><controlfield tag='009'>990010918880203941</controlfield><datafield ind1=' ' ind2=' ' tag='010'><subfield code='a'>^^^81902945^</subfield></datafield><datafield ind1=' ' ind2=' ' tag='020'><subfield code='c'>Rs20.00</subfield></datafield><datafield ind1=' ' ind2=' ' tag='020'><subfield code='c'>Rs20.00</subfield></datafield><datafield ind1=' ' ind2=' ' tag='035'><subfield code='a'>(OCoLC)9393524</subfield></datafield><datafield ind1=' ' ind2=' ' tag='040'><subfield code='a'>DLC</subfield><subfield code='c'>DLC</subfield></datafield><datafield ind1=' ' ind2=' ' tag='043'><subfield code='a'>a-ii---</subfield></datafield><datafield ind1='0' ind2=' ' tag='050'><subfield code='a'>DS480.84</subfield><subfield code='b'>.S386 1980</subfield></datafield><datafield ind1='0' ind2=' ' tag='082'><subfield code='a'>322.4/2/0954</subfield><subfield code='2'>19</subfield></datafield><datafield ind1='1' ind2=' ' tag='100'><subfield code='a'>Sen, Asit,</subfield><subfield code='d'>1920-</subfield></datafield><datafield ind1='1' ind2='3' tag='245'><subfield code='a'>An approach to Naxalbari /</subfield><subfield code='c'>Asit Sen.</subfield></datafield><datafield ind1=' ' ind2=' ' tag='250'><subfield code='a'>1st ed.</subfield></datafield><datafield ind1=' ' ind2=' ' tag='260'><subfield code='a'>Calcutta :</subfield><subfield code='b'>Institute of Scientific Thoughts,</subfield><subfield code='c'>1980.</subfield></datafield><datafield ind1=' ' ind2=' ' tag='300'><subfield code='a'>[A]-C, 179, xxiii p. :</subfield><subfield code='b'>map ;</subfield><subfield code='c'>23 cm.</subfield></datafield><datafield ind1=' ' ind2='0' tag='650'><subfield code='a'>Naxalite Movement.</subfield></datafield><datafield ind1=' ' ind2='0' tag='651'><subfield code='a'>India</subfield><subfield code='x'>Politics and government</subfield><subfield code='y'>1947-</subfield></datafield><datafield ind1='1' ind2=' ' tag='583'><subfield code='a'>committed to retain</subfield><subfield code='c'>20181001</subfield><subfield code='d'>in perpetuity</subfield><subfield code='f'>ReCAP Shared Collection</subfield><subfield code='5'>HUL</subfield><subfield code='8'>221773442090003941</subfield></datafield><datafield ind1='0' ind2=' ' tag='852'><subfield code='c'>HD</subfield><subfield code='h'>DS480.84</subfield><subfield code='i'>.S386 1980</subfield><subfield code='8'>221773442090003941</subfield><subfield code='0'>13142416</subfield><subfield code='b'>scsbhl</subfield></datafield><datafield ind1=' ' ind2=' ' tag='876'><subfield code='0'>13142416</subfield><subfield code='a'>18946257</subfield><subfield code='j'>Available</subfield><subfield code='k'>WID</subfield><subfield code='p'>HWSFAW</subfield><subfield code='x'>Shared</subfield><subfield code='z'>HW</subfield><subfield code='l'>HD</subfield></datafield></record>