
<record><leader>00978aam a2200289 a 4500</leader><controlfield tag='001'>SCSB-12004294</controlfield><controlfield tag='005'>20020606104010.5</controlfield><controlfield tag='008'>000607s2000    ii       b    000 0 eng  </controlfield><controlfield tag='009'>990086882440203941</controlfield><datafield ind1=' ' ind2=' ' tag='010'><subfield code='a'>^^^99950037^</subfield></datafield><datafield ind1=' ' ind2=' ' tag='020'><subfield code='a'>818638376X</subfield></datafield><datafield ind1=' ' ind2=' ' tag='035'><subfield code='a'>(OCoLC)44728242</subfield><subfield code='z'>(OCoLC)961823331</subfield></datafield><datafield ind1=' ' ind2=' ' tag='037'><subfield code='b'>Library of Congress -- New Delhi Field Office</subfield><subfield code='c'>Rs200.00</subfield></datafield><datafield ind1=' ' ind2=' ' tag='040'><subfield code='a'>DLC</subfield><subfield code='c'>DLC</subfield></datafield><datafield ind1=' ' ind2=' ' tag='042'><subfield code='a'>lcode</subfield></datafield><datafield ind1=' ' ind2=' ' tag='043'><subfield code='a'>a-ii---</subfield></datafield><datafield ind1='0' ind2='0' tag='050'><subfield code='a'>DS480.84</subfield><subfield code='b'>.B286 2000</subfield></datafield><datafield ind1='1' ind2=' ' tag='100'><subfield code='a'>Basu, Pradip,</subfield><subfield code='d'>1957-</subfield></datafield><datafield ind1='1' ind2='0' tag='245'><subfield code='a'>Towards naxalbari (1953-1967) :</subfield><subfield code='b'>an account of inner-party ideological struggle /</subfield><subfield code='c'>Pradip Basu.</subfield></datafield><datafield ind1=' ' ind2=' ' tag='260'><subfield code='a'>Calcutta :</subfield><subfield code='b'>Progressive Publishers,</subfield><subfield code='c'>2000.</subfield></datafield><datafield ind1=' ' ind2=' ' tag='300'><subfield code='a'>xv, 278 p. ;</subfield><subfield code='c'>22 cm.</subfield></datafield><datafield ind1=' ' ind2=' ' tag='500'><subfield code='a'>Originally presented as the author&apos;s dissertation (doctoral--University of Calcutta).</subfield></datafield><datafield ind1=' ' ind2=' ' tag='504'><subfield code='a'>Includes bibliographical references (p. 247-278).</subfield></datafield><datafield ind1=' ' ind2=' ' tag='520'><subfield code='a'>With special reference to West Bengal.</subfield></datafield><datafield ind1=' ' ind2='0' tag='650'><subfield code='a'>Naxalite movement.</subfield></datafield><datafield ind1=' ' ind2='0' tag='650'><subfield code='a'>Communism</subfield><subfield code='z'>India</subfield></datafield><datafield ind1='0' ind2='8' tag='776'><subfield code='i'>Online version:</subfield><subfield code='a'>Basu, Pradip, 1957-</subfield><subfield code='t'>Towards naxalbari (1953-1967).</subfield><subfield code='d'>Calcutta : Progressive Publishers, 2000</subfield><subfield code='w'>(OCoLC)606598808</subfield></datafield><datafield ind1='1' ind2=' ' tag='583'><subfield code='a'>committed to retain</subfield><subfield code='c'>20181001</subfield><subfield code='d'>in perpetuity</subfield><subfield code='f'>ReCAP Shared Collection</subfield><subfield code='5'>HUL</subfield><subfield code='8'>222059352360003941</subfield></datafield><datafield ind1='0' ind2=' ' tag='852'><subfield code='c'>HD</subfield><subfield code='h'>DS480.84</subfield><subfield code='i'>.B286 2000</subfield><subfield code='0'>12829817</subfield><subfield code='b'>scsbhl</subfield></datafield><datafield ind1=' ' ind2=' ' tag='876'><subfield code='0'>12829817</subfield><subfield code='a'>18622147</subfield><subfield code='h'> </subfield><subfield code='j'>Not Available</subfield><subfield code='k'>WID</subfield><subfield code='p'>HXBJDH</subfield><subfield code='x'>Shared</subfield><subfield code='z'>HW</subfield><subfield code='l'>HD</subfield></datafield></record>