
<record><leader>01421cam a2200409 a 4500</leader><controlfield tag='001'>SCSB-5544813</controlfield><controlfield tag='003'>NNC</controlfield><controlfield tag='005'>20221206032936.0</controlfield><controlfield tag='008'>090817r20081980ii     g b    001 0 eng d</controlfield><controlfield tag='009'>7998621</controlfield><datafield ind1=' ' ind2=' ' tag='010'><subfield code='a'>  2009310611</subfield></datafield><datafield ind1=' ' ind2=' ' tag='020'><subfield code='a'>8179551628</subfield></datafield><datafield ind1=' ' ind2=' ' tag='020'><subfield code='a'>9788179551622</subfield></datafield><datafield ind1=' ' ind2=' ' tag='025'><subfield code='a'>I-E-2009-310611; 63-92; 62-32</subfield></datafield><datafield ind1=' ' ind2=' ' tag='035'><subfield code='a'>(OCoLC)ocn434022192</subfield></datafield><datafield ind1=' ' ind2=' ' tag='035'><subfield code='a'>(OCoLC)434022192</subfield></datafield><datafield ind1=' ' ind2=' ' tag='035'><subfield code='a'>(NNC)7998621</subfield></datafield><datafield ind1=' ' ind2=' ' tag='035'><subfield code='a'>7998621</subfield></datafield><datafield ind1=' ' ind2=' ' tag='037'><subfield code='a'>Library of Congress -- New Delhi Overseas Office</subfield><subfield code='c'>Rs450.00</subfield></datafield><datafield ind1=' ' ind2=' ' tag='040'><subfield code='a'>DKAGE</subfield><subfield code='c'>DKAGE</subfield><subfield code='d'>DLC</subfield></datafield><datafield ind1=' ' ind2=' ' tag='042'><subfield code='a'>lccopycat</subfield><subfield code='a'>lcode</subfield></datafield><datafield ind1=' ' ind2=' ' tag='043'><subfield code='a'>a-ii---</subfield></datafield><datafield ind1='0' ind2='0' tag='050'><subfield code='a'>HX393.5</subfield><subfield code='b'>.B347 2008</subfield></datafield><datafield ind1='0' ind2='4' tag='082'><subfield code='a'>320.5310954</subfield><subfield code='2'>22</subfield></datafield><datafield ind1='1' ind2=' ' tag='100'><subfield code='a'>Banerjee, Sumanta.</subfield><subfield code='0'>http://id.loc.gov/authorities/names/n50027065</subfield></datafield><datafield ind1='1' ind2='0' tag='245'><subfield code='a'>In the wake of Naxalbari /</subfield><subfield code='c'>Sumanta Banerjee.</subfield></datafield><datafield ind1=' ' ind2=' ' tag='250'><subfield code='a'>1st samsad ed.</subfield></datafield><datafield ind1=' ' ind2=' ' tag='260'><subfield code='a'>Kolkata :</subfield><subfield code='b'>Shishu Sahitya Samsad,</subfield><subfield code='c'>2008.</subfield></datafield><datafield ind1=' ' ind2=' ' tag='300'><subfield code='a'>xvi, 396 pages ;</subfield><subfield code='c'>25 cm</subfield></datafield><datafield ind1=' ' ind2=' ' tag='336'><subfield code='a'>text</subfield><subfield code='b'>txt</subfield><subfield code='2'>rdacontent</subfield></datafield><datafield ind1=' ' ind2=' ' tag='337'><subfield code='a'>unmediated</subfield><subfield code='b'>n</subfield><subfield code='2'>rdamedia</subfield></datafield><datafield ind1=' ' ind2=' ' tag='500'><subfield code='a'>Originally published: Calcutta : Subarnarekha, 1980.</subfield></datafield><datafield ind1=' ' ind2=' ' tag='520'><subfield code='a'>History of the Naxalite movement in India.</subfield></datafield><datafield ind1=' ' ind2=' ' tag='504'><subfield code='a'>Includes bibliographical references and index.</subfield></datafield><datafield ind1=' ' ind2='0' tag='650'><subfield code='a'>Naxalite movement.</subfield><subfield code='0'>http://id.loc.gov/authorities/subjects/sh85090453</subfield></datafield><datafield ind1=' ' ind2='0' tag='650'><subfield code='a'>Communism</subfield><subfield code='z'>India</subfield><subfield code='x'>History.</subfield><subfield code='0'>http://id.loc.gov/authorities/subjects/sh2008101331</subfield></datafield><datafield ind1='0' ind2='0' tag='852'><subfield code='h'>HX393.5 .B347 2008</subfield><subfield code='0'>5538738</subfield><subfield code='b'>scsbcul</subfield></datafield><datafield ind1=' ' ind2=' ' tag='876'><subfield code='0'>5538738</subfield><subfield code='a'>8202527</subfield><subfield code='h'> </subfield><subfield code='j'>Available</subfield><subfield code='p'>CU16495918</subfield><subfield code='t'>1</subfield><subfield code='x'>Shared</subfield><subfield code='z'>CU</subfield><subfield code='l'>RECAP</subfield></datafield></record>