
<record><leader>00882nam a2200277 i 4500</leader><controlfield tag='001'>SCSB-7699413</controlfield><controlfield tag='005'>20000629175309.0</controlfield><controlfield tag='008'>851227s1980    ii b     b    001 0 eng  </controlfield><controlfield tag='009'>.b10980238x</controlfield><datafield ind1=' ' ind2=' ' tag='010'><subfield code='a'>80902015</subfield></datafield><datafield ind1=' ' ind2=' ' tag='040'><subfield code='d'>WaOLN</subfield></datafield><datafield ind1=' ' ind2=' ' tag='043'><subfield code='a'>a-ii---</subfield></datafield><datafield ind1='0' ind2='0' tag='050'><subfield code='a'>DS480.84</subfield><subfield code='b'>.B252</subfield></datafield><datafield ind1='0' ind2='0' tag='082'><subfield code='a'>322.4/2/0954</subfield><subfield code='2'>19</subfield></datafield><datafield ind1='1' ind2=' ' tag='100'><subfield code='a'>Banerjee, Sumanta.</subfield></datafield><datafield ind1='1' ind2='0' tag='245'><subfield code='a'>In the wake of Naxalbari :</subfield><subfield code='b'>a history of the Naxalite movement in India /</subfield><subfield code='c'>Sumanta Banerjee.</subfield></datafield><datafield ind1=' ' ind2=' ' tag='260'><subfield code='a'>Calcutta :</subfield><subfield code='b'>Subarnarekha,</subfield><subfield code='c'>1980.</subfield></datafield><datafield ind1=' ' ind2=' ' tag='300'><subfield code='a'>xii, 436 p. :</subfield><subfield code='b'>maps ;</subfield><subfield code='c'>23 cm.</subfield></datafield><datafield ind1=' ' ind2=' ' tag='500'><subfield code='a'>Includes index.</subfield></datafield><datafield ind1=' ' ind2=' ' tag='504'><subfield code='a'>Bibliography: p. [401]-418.</subfield></datafield><datafield ind1=' ' ind2='0' tag='650'><subfield code='a'>Naxalite movement.</subfield></datafield><datafield ind1=' ' ind2=' ' tag='907'><subfield code='a'>.b10980238x</subfield><subfield code='c'>m</subfield><subfield code='d'>a</subfield><subfield code='e'>-</subfield><subfield code='f'>eng</subfield><subfield code='g'>ii</subfield><subfield code='h'>0</subfield><subfield code='i'>1</subfield></datafield><datafield ind1=' ' ind2=' ' tag='991'><subfield code='y'>7091427</subfield></datafield><datafield ind1=' ' ind2=' ' tag='035'><subfield code='a'>(OCoLC)7091427</subfield></datafield><datafield ind1='8' ind2=' ' tag='852'><subfield code='h'>JLD 81-750</subfield><subfield code='0'>7833469</subfield><subfield code='b'>scsbnypl</subfield></datafield><datafield ind1=' ' ind2=' ' tag='876'><subfield code='0'>7833469</subfield><subfield code='a'>12808040</subfield><subfield code='j'>Not Available</subfield><subfield code='p'>33433097443448</subfield><subfield code='t'>1</subfield><subfield code='x'>Shared</subfield><subfield code='z'>NA</subfield><subfield code='l'>RECAP</subfield></datafield></record>