
<record><leader>02446cam a2200529 i 4500</leader><controlfield tag='001'>SCSB-15194482</controlfield><controlfield tag='005'>20260508213018.0</controlfield><controlfield tag='008'>231122t20232023ii       b    000 0 eng d</controlfield><controlfield tag='009'>99158904005503941</controlfield><datafield ind1=' ' ind2=' ' tag='010'><subfield code='a'>  2024305535</subfield></datafield><datafield ind1=' ' ind2=' ' tag='020'><subfield code='a'>9788196403966</subfield><subfield code='q'>(paperback)</subfield></datafield><datafield ind1=' ' ind2=' ' tag='020'><subfield code='a'>8196403968</subfield></datafield><datafield ind1=' ' ind2=' ' tag='025'><subfield code='a'>I-E-2024305535; 92-28; 63-28</subfield></datafield><datafield ind1=' ' ind2=' ' tag='035'><subfield code='a'>(OCoLC)1415234303</subfield></datafield><datafield ind1=' ' ind2=' ' tag='037'><subfield code='b'>Library of Congress -- New Delhi Overseas Office</subfield></datafield><datafield ind1=' ' ind2=' ' tag='040'><subfield code='a'>DKAGE</subfield><subfield code='b'>eng</subfield><subfield code='e'>rda</subfield><subfield code='c'>DLC</subfield><subfield code='d'>OCLCO</subfield><subfield code='d'>CUY</subfield><subfield code='d'>OCLCO</subfield></datafield><datafield ind1='1' ind2=' ' tag='041'><subfield code='a'>eng</subfield><subfield code='h'>pan</subfield></datafield><datafield ind1=' ' ind2=' ' tag='042'><subfield code='a'>lccopycat</subfield><subfield code='a'>lcode</subfield></datafield><datafield ind1=' ' ind2=' ' tag='043'><subfield code='a'>a-ii---</subfield></datafield><datafield ind1='0' ind2='0' tag='050'><subfield code='a'>HX393.5</subfield><subfield code='b'>.M4413 2023</subfield></datafield><datafield ind1='0' ind2='4' tag='082'><subfield code='a'>079.54552</subfield><subfield code='2'>23</subfield></datafield><datafield ind1='0' ind2=' ' tag='100'><subfield code='a'>Meghā Siṅgha</subfield><subfield code='e'>author.</subfield><subfield code='1'>https://id.oclc.org/worldcat/entity/E39PCjC4jdVgbGw4dYBmfVGtBq</subfield></datafield><datafield ind1='1' ind2='0' tag='240'><subfield code='a'>Nakasalawāṛī lahira ate khabbe-pakkhī Pañjābī pattarakār.</subfield><subfield code='l'>English</subfield></datafield><datafield ind1='1' ind2='0' tag='245'><subfield code='a'>Leftist Punjabi journalism and Naxalbari movement /</subfield><subfield code='c'>Dr. Megha Singh ; translated by Parvesh Sharma.</subfield></datafield><datafield ind1=' ' ind2='1' tag='264'><subfield code='a'>New Delhi :</subfield><subfield code='b'>Har-Anand Publications Pvt Ltd,</subfield><subfield code='c'>[2023]</subfield></datafield><datafield ind1=' ' ind2='4' tag='264'><subfield code='c'>©2023</subfield></datafield><datafield ind1=' ' ind2=' ' tag='300'><subfield code='a'>248 pages ;</subfield><subfield code='c'>22 cm.</subfield></datafield><datafield ind1=' ' ind2=' ' tag='336'><subfield code='a'>text</subfield><subfield code='b'>txt</subfield><subfield code='2'>rdacontent</subfield></datafield><datafield ind1=' ' ind2=' ' tag='337'><subfield code='a'>unmediated</subfield><subfield code='b'>n</subfield><subfield code='2'>rdamedia</subfield></datafield><datafield ind1=' ' ind2=' ' tag='338'><subfield code='a'>volume</subfield><subfield code='b'>nc</subfield><subfield code='2'>rdacarrier</subfield></datafield><datafield ind1='1' ind2=' ' tag='490'><subfield code='a'>Punjabi contemporary literary series</subfield></datafield><datafield ind1=' ' ind2=' ' tag='504'><subfield code='a'>Includes bibliographical references (pages 239-248).</subfield></datafield><datafield ind1='0' ind2=' ' tag='505'><subfield code='a'>Journalism, Punjabi journalism and Punjabi journalism with leftist leanings -- The heritage of left journalism -- Leftist Punjabi journalism: Post-independence period to the beginning of Naxalite movement -- Punjabi journalism influenced by the Naxalite movement.</subfield></datafield><datafield ind1=' ' ind2=' ' tag='500'><subfield code='a'>Translated from Panjabi.</subfield></datafield><datafield ind1=' ' ind2=' ' tag='500'><subfield code='a'>Translation of: Nakasalawāṛī lahira ate khabbe-pakkhī Pañjābī pattarakārī.</subfield></datafield><datafield ind1=' ' ind2='0' tag='650'><subfield code='a'>Naxalite movement</subfield><subfield code='x'>Press coverage</subfield><subfield code='z'>India</subfield><subfield code='z'>Punjab.</subfield></datafield><datafield ind1=' ' ind2='0' tag='650'><subfield code='a'>Naxalite movement</subfield><subfield code='z'>India</subfield><subfield code='z'>Punjab</subfield><subfield code='x'>History.</subfield></datafield><datafield ind1=' ' ind2='0' tag='650'><subfield code='a'>Journalism</subfield><subfield code='z'>India</subfield><subfield code='z'>Punjab</subfield><subfield code='x'>History.</subfield></datafield><datafield ind1=' ' ind2='0' tag='650'><subfield code='a'>Naxalite movement</subfield><subfield code='x'>History.</subfield></datafield><datafield ind1=' ' ind2='6' tag='650'><subfield code='a'>Journalisme</subfield><subfield code='z'>Inde</subfield><subfield code='z'>Pendjab</subfield><subfield code='x'>Histoire.</subfield></datafield><datafield ind1=' ' ind2='6' tag='650'><subfield code='a'>Mouvement naxalite</subfield><subfield code='x'>Couverture de presse</subfield><subfield code='z'>Inde</subfield><subfield code='z'>Pendjab.</subfield></datafield><datafield ind1=' ' ind2='6' tag='650'><subfield code='a'>Mouvement naxalite</subfield><subfield code='x'>Histoire.</subfield></datafield><datafield ind1=' ' ind2='0' tag='651'><subfield code='a'>Punjab (India)</subfield><subfield code='x'>Politics and government</subfield><subfield code='y'>20th century</subfield></datafield><datafield ind1='1' ind2=' ' tag='700'><subfield code='a'>Sharma, Parvesh</subfield><subfield code='e'>translator.</subfield><subfield code='1'>https://id.oclc.org/worldcat/entity/E39PCjFc7yRrfQfqvJt6b64qjP</subfield></datafield><datafield ind1=' ' ind2='0' tag='830'><subfield code='a'>Punjabi contemporary literary series</subfield></datafield><datafield ind1='1' ind2=' ' tag='583'><subfield code='a'>committed to retain</subfield><subfield code='d'>in perpetuity</subfield><subfield code='f'>ReCAP</subfield><subfield code='f'>South Asian Imprints Collaborative Collection</subfield><subfield code='u'>http://arks.princeton.edu/ark:/88435/dcxg94j1575</subfield><subfield code='5'>MH</subfield><subfield code='8'>222707118330003941</subfield></datafield><datafield ind1='0' ind2=' ' tag='852'><subfield code='c'>HD</subfield><subfield code='h'>HX393.5</subfield><subfield code='i'>.M44 2023</subfield><subfield code='0'>16285357</subfield><subfield code='b'>scsbhl</subfield></datafield><datafield ind1=' ' ind2=' ' tag='876'><subfield code='0'>16285357</subfield><subfield code='a'>23026323</subfield><subfield code='h'> </subfield><subfield code='j'>Available</subfield><subfield code='k'>WID</subfield><subfield code='p'>32044168068922</subfield><subfield code='x'>Committed</subfield><subfield code='z'>HW</subfield><subfield code='l'>HD</subfield></datafield></record>