
<record><leader>00763aam a2200265 a 4500</leader><controlfield tag='001'>SCSB-10556565</controlfield><controlfield tag='005'>20020606104010.5</controlfield><controlfield tag='008'>970807s1996    ii            000 0 eng  </controlfield><controlfield tag='009'>990079140230203941</controlfield><datafield ind1=' ' ind2=' ' tag='010'><subfield code='a'>^^^97903249^</subfield></datafield><datafield ind1=' ' ind2=' ' tag='035'><subfield code='a'>(MH)007914023HVD01-Aleph</subfield></datafield><datafield ind1=' ' ind2=' ' tag='035'><subfield code='a'>(OCoLC)37443154</subfield></datafield><datafield ind1=' ' ind2=' ' tag='040'><subfield code='a'>DLC</subfield><subfield code='c'>DLC</subfield></datafield><datafield ind1=' ' ind2=' ' tag='042'><subfield code='a'>lcode</subfield></datafield><datafield ind1=' ' ind2=' ' tag='043'><subfield code='a'>a-ii---</subfield></datafield><datafield ind1='0' ind2='0' tag='050'><subfield code='a'>DS480.45</subfield><subfield code='b'>.N3294 1996</subfield></datafield><datafield ind1='0' ind2='0' tag='245'><subfield code='a'>Naxalbari is not just the name of a village! :</subfield><subfield code='b'>twenty-five years of the Naxalite Movement.</subfield></datafield><datafield ind1=' ' ind2=' ' tag='250'><subfield code='a'>2nd ed.</subfield></datafield><datafield ind1=' ' ind2=' ' tag='260'><subfield code='a'>Calcutta :</subfield><subfield code='b'>Chandan Roy,</subfield><subfield code='c'>1996.</subfield></datafield><datafield ind1=' ' ind2=' ' tag='300'><subfield code='a'>114 p. ;</subfield><subfield code='c'>23 cm.</subfield></datafield><datafield ind1=' ' ind2=' ' tag='500'><subfield code='a'>&quot;An AIRSF publication&quot;--Cover.</subfield></datafield><datafield ind1=' ' ind2='0' tag='650'><subfield code='a'>Naxalite Movement.</subfield></datafield><datafield ind1=' ' ind2='0' tag='650'><subfield code='a'>Communism</subfield><subfield code='z'>India</subfield></datafield><datafield ind1=' ' ind2='0' tag='651'><subfield code='a'>India</subfield><subfield code='x'>Politics and government</subfield><subfield code='y'>1947-</subfield></datafield><datafield ind1='2' ind2=' ' tag='710'><subfield code='a'>AIRSF (Organization)</subfield></datafield><datafield ind1='1' ind2=' ' tag='583'><subfield code='a'>committed to retain</subfield><subfield code='c'>20181001</subfield><subfield code='d'>in perpetuity</subfield><subfield code='f'>ReCAP Shared Collection</subfield><subfield code='5'>HUL</subfield><subfield code='8'>222032307320003941</subfield></datafield><datafield ind1='0' ind2=' ' tag='852'><subfield code='c'>HD</subfield><subfield code='h'>DS480.45</subfield><subfield code='i'>.N3294 1996</subfield><subfield code='0'>11339555</subfield><subfield code='b'>scsbhl</subfield></datafield><datafield ind1=' ' ind2=' ' tag='876'><subfield code='0'>11339555</subfield><subfield code='a'>17073590</subfield><subfield code='h'> </subfield><subfield code='j'>Available</subfield><subfield code='k'>WID</subfield><subfield code='p'>HNGN9K</subfield><subfield code='x'>Shared</subfield><subfield code='z'>HW</subfield><subfield code='l'>HD</subfield></datafield></record>