
<record><leader>00678nam a2200241 a 4500</leader><controlfield tag='001'>SCSB-11292820</controlfield><controlfield tag='005'>20020606090541.3</controlfield><controlfield tag='008'>851213s1985    ii       b    000 0 eng  </controlfield><controlfield tag='009'>990005080390203941</controlfield><datafield ind1=' ' ind2=' ' tag='010'><subfield code='a'>^^^85904285^</subfield></datafield><datafield ind1=' ' ind2=' ' tag='020'><subfield code='c'>Rs10.00 ($8.00 U.S.)</subfield></datafield><datafield ind1=' ' ind2=' ' tag='035'><subfield code='a'>(OCoLC)13217160</subfield></datafield><datafield ind1=' ' ind2=' ' tag='040'><subfield code='a'>DLC</subfield><subfield code='c'>DLC</subfield></datafield><datafield ind1=' ' ind2=' ' tag='043'><subfield code='a'>a-ii---</subfield></datafield><datafield ind1='0' ind2=' ' tag='050'><subfield code='a'>DS480.84</subfield><subfield code='b'>.S66 1985</subfield></datafield><datafield ind1='0' ind2=' ' tag='082'><subfield code='a'>322.4/2/0954</subfield><subfield code='2'>19</subfield></datafield><datafield ind1='0' ind2='0' tag='245'><subfield code='a'>Spring thunder over India :</subfield><subfield code='b'>anthology of articles on Naxalbari.</subfield></datafield><datafield ind1=' ' ind2=' ' tag='260'><subfield code='a'>Calcutta :</subfield><subfield code='b'>Radical Impression,</subfield><subfield code='c'>1985.</subfield></datafield><datafield ind1=' ' ind2=' ' tag='300'><subfield code='a'>vii, 58 p. ;</subfield><subfield code='c'>22 cm.</subfield></datafield><datafield ind1=' ' ind2=' ' tag='504'><subfield code='a'>Includes bibliographical references.</subfield></datafield><datafield ind1=' ' ind2='0' tag='650'><subfield code='a'>Naxalite Movement.</subfield></datafield><datafield ind1='1' ind2=' ' tag='583'><subfield code='a'>committed to retain</subfield><subfield code='c'>20181001</subfield><subfield code='d'>in perpetuity</subfield><subfield code='f'>ReCAP Shared Collection</subfield><subfield code='5'>HUL</subfield><subfield code='8'>221763682600003941</subfield></datafield><datafield ind1='0' ind2=' ' tag='852'><subfield code='c'>HD</subfield><subfield code='h'>DS480.84</subfield><subfield code='i'>.S66 1985</subfield><subfield code='8'>221763682600003941</subfield><subfield code='0'>12097486</subfield><subfield code='b'>scsbhl</subfield></datafield><datafield ind1=' ' ind2=' ' tag='876'><subfield code='0'>12097486</subfield><subfield code='a'>17861453</subfield><subfield code='j'>Available</subfield><subfield code='k'>WID</subfield><subfield code='p'>HW4B8O</subfield><subfield code='x'>Shared</subfield><subfield code='z'>HW</subfield><subfield code='l'>HD</subfield></datafield></record>