
<record><leader>00000nam a2200241Ia 4500</leader><controlfield tag='001'>SCSB-12168597</controlfield><controlfield tag='005'>20160409211102.0</controlfield><controlfield tag='008'>020731s2002    cau      b    000 0deng d</controlfield><controlfield tag='009'>990093695600203941</controlfield><datafield ind1=' ' ind2=' ' tag='010'><subfield code='a'>^^2001135600</subfield></datafield><datafield ind1=' ' ind2=' ' tag='020'><subfield code='a'>0961931116 (pbk.)</subfield></datafield><datafield ind1=' ' ind2=' ' tag='035'><subfield code='a'>(OCoLC)50278238</subfield></datafield><datafield ind1=' ' ind2=' ' tag='040'><subfield code='a'>CSL</subfield><subfield code='c'>CSL</subfield><subfield code='d'>DLC</subfield></datafield><datafield ind1=' ' ind2='4' tag='050'><subfield code='a'>RC523</subfield><subfield code='b'>.L68 2002</subfield></datafield><datafield ind1=' ' ind2='4' tag='060'><subfield code='a'>WT 155</subfield><subfield code='b'>.L897 2002</subfield></datafield><datafield ind1='0' ind2='0' tag='082'><subfield code='a'>362.1/96831</subfield><subfield code='2'>21</subfield></datafield><datafield ind1=' ' ind2=' ' tag='090'><subfield code='a'>RC523</subfield><subfield code='b'>.L68 2002</subfield></datafield><datafield ind1='0' ind2='0' tag='245'><subfield code='a'>Love is ageless :</subfield><subfield code='b'>stories about Alzheimer&apos;s disease /</subfield><subfield code='c'>edited by Jessica Bryan.</subfield></datafield><datafield ind1=' ' ind2=' ' tag='250'><subfield code='a'>2nd ed.</subfield></datafield><datafield ind1=' ' ind2=' ' tag='260'><subfield code='a'>Felton, Calif. :</subfield><subfield code='b'>Lompico Creek Press,</subfield><subfield code='c'>c2002.</subfield></datafield><datafield ind1=' ' ind2=' ' tag='300'><subfield code='a'>245 p. ;</subfield><subfield code='c'>23 cm.</subfield></datafield><datafield ind1=' ' ind2=' ' tag='504'><subfield code='a'>Includes bibliographical references (p. 232-233).</subfield></datafield><datafield ind1='0' ind2=' ' tag='505'><subfield code='a'>Editor&apos;s preface / Jessica Bryan -- Introduction / Victor Molinari, Ph. D. -- The black hole / Bobbi Lurie -- Technical difficulty / Ronnie R. Brown -- Walks with my father / Elisavietta Ritchie -- Still here / Nancy Watts -- I know Dr. Alzheimer / Andrew N. Wilner, M.D., FACP -- Coming into this world / Richard T. Waller -- My Alzheimer&apos;s percussion band -- unplugged version / Stephen J. Lyons -- Testing stars / Jan Bailey -- Tyrone Street / Dennis Vannatta -- Gotta go baby doll / Sande Smith -- The list / Kate LeSar -- The dance / Katie Cameron -- After leaving / Torie Olson -- In the last place / Joseph Green -- It&apos;s only make believe / Barbara Beckman -- Spanish enters the room / Joe Milosch -- Calle Espana / Eduardo A. Alvarez, M.D. -- Visitations: Peru / Elisavietta Ritchie -- That&apos;s what it&apos;s all about / Sue Mayfield-Geiger.</subfield></datafield><datafield ind1='0' ind2=' ' tag='505'><subfield code='a'>The same rain / Norma Fain Pratt -- God mother / Candice Rowe -- Dancing in the wind / Sallie Tisdale -- Close calls / Pamela C. Ullman -- Details / Thomas Michael McDade -- His unjust dessert / Bara Swain -- The blue dress / Siv Cedering -- Maggie / Ann G. Thomas -- The nursing home / J. David Nightingale -- Mother-in-law / Donna Pucciani -- The funeral parlor / Helen Resneck-Sannes -- Missing items / Zelda E. Segal -- After the visit of an elderly relative / Alice Wirth Gray -- Communion / Katie Kingston -- Passover / Stephen M. Fishman -- The forgetting / Nancy Priff -- What Vita&apos;s mother said / Rachael Perry -- Rev. Robert A. Young / Gary Young -- The old man&apos;s love / J.J. Steinfeld -- A marriage / Carol Nolde -- Life with Irma / Jessica Bryan -- Simply must / Juley Harvey -- St. Luke&apos;s garden / Lillian Waller.</subfield></datafield><datafield ind1='0' ind2=' ' tag='520'><subfield code='a'>&quot;This collection of stories and poetry presents a variety of personal experiences with Alzheimer&apos;s disease. Together, the pieces in this book comprise a compassionate, humorous, and loving picture of people caught in a struggle against loss - the loss of self and the the loss of the relationships they hold dear. &quot;Love Is Ageless&quot; focuses not on the loss caused by Alzheimer&apos;s disease, but on the love inherent in human relationships.&quot; --Publisher&apos;s description.</subfield></datafield><datafield ind1='2' ind2='2' tag='650'><subfield code='a'>Alzheimer Disease</subfield></datafield><datafield ind1='1' ind2='2' tag='650'><subfield code='a'>Alzheimer Disease.</subfield></datafield><datafield ind1=' ' ind2='2' tag='655'><subfield code='a'>Biography</subfield></datafield><datafield ind1=' ' ind2='0' tag='650'><subfield code='a'>Alzheimer&apos;s disease</subfield><subfield code='x'>Patients</subfield><subfield code='v'>Biography</subfield></datafield><datafield ind1=' ' ind2='7' tag='655'><subfield code='a'>Biographies</subfield><subfield code='2'>fast</subfield></datafield><datafield ind1=' ' ind2='2' tag='655'><subfield code='a'>Biography.</subfield></datafield><datafield ind1=' ' ind2='2' tag='655'><subfield code='a'>Poetry</subfield></datafield><datafield ind1='1' ind2=' ' tag='700'><subfield code='a'>Bryan, Jessica</subfield></datafield><datafield ind1='1' ind2=' ' tag='700'><subfield code='a'>Bryan, Jessica,</subfield><subfield code='e'>editor.</subfield></datafield><datafield ind1='1' ind2=' ' tag='583'><subfield code='a'>committed to retain</subfield><subfield code='c'>20181001</subfield><subfield code='d'>in perpetuity</subfield><subfield code='f'>ReCAP Shared Collection</subfield><subfield code='5'>HUL</subfield><subfield code='8'>222092487940003941</subfield></datafield><datafield ind1='0' ind2=' ' tag='852'><subfield code='c'>HD</subfield><subfield code='h'>RC523</subfield><subfield code='i'>.L68 2002</subfield><subfield code='0'>12998788</subfield><subfield code='b'>scsbhl</subfield></datafield><datafield ind1=' ' ind2=' ' tag='876'><subfield code='0'>12998788</subfield><subfield code='a'>18797466</subfield><subfield code='h'> </subfield><subfield code='j'>Available</subfield><subfield code='k'>WID</subfield><subfield code='p'>HXRIVP</subfield><subfield code='x'>Shared</subfield><subfield code='z'>HW</subfield><subfield code='l'>HD</subfield></datafield></record>