
<record><leader>00000nam a2200277Ia 4500</leader><controlfield tag='001'>SCSB-12696409</controlfield><controlfield tag='005'>20040324175404.0</controlfield><controlfield tag='008'>040302s2003    enk      b    100 0 eng  </controlfield><controlfield tag='009'>990093194740203941</controlfield><datafield ind1=' ' ind2=' ' tag='020'><subfield code='a'>1853395692</subfield></datafield><datafield ind1=' ' ind2=' ' tag='020'><subfield code='a'>1853395846</subfield></datafield><datafield ind1=' ' ind2=' ' tag='035'><subfield code='a'>(OCoLC)54513261</subfield><subfield code='z'>(OCoLC)223784141</subfield><subfield code='z'>(OCoLC)1170183724</subfield></datafield><datafield ind1=' ' ind2=' ' tag='040'><subfield code='a'>EMU</subfield><subfield code='c'>EMU</subfield></datafield><datafield ind1=' ' ind2='4' tag='050'><subfield code='a'>HN49.C6</subfield><subfield code='b'>P38 2003</subfield></datafield><datafield ind1='0' ind2='0' tag='245'><subfield code='a'>Pathways to participation :</subfield><subfield code='b'>reflections on PRA /</subfield><subfield code='c'>edited by Andrea Cornwall and Garett Pratt.</subfield></datafield><datafield ind1=' ' ind2=' ' tag='260'><subfield code='a'>London :</subfield><subfield code='b'>ITDG Pub.,</subfield><subfield code='c'>2003.</subfield></datafield><datafield ind1=' ' ind2=' ' tag='300'><subfield code='a'>xviii, 217 p. ;</subfield><subfield code='c'>24 cm.</subfield></datafield><datafield ind1=' ' ind2=' ' tag='500'><subfield code='a'>Revised papers from a retreat held in April 2000 and sponsored by the Pathways to Participation Project at the Institute of Development Studies, University of Sussex.</subfield></datafield><datafield ind1=' ' ind2=' ' tag='504'><subfield code='a'>Includes bibliographical references.</subfield></datafield><datafield ind1='0' ind2='0' tag='505'><subfield code='t'>Introduction /</subfield><subfield code='r'>Andrea Cornwall and Garett Pratt --</subfield><subfield code='g'>1.</subfield><subfield code='t'>Hanging on the edge of a cliff: my loud thoughts as I walk along the winding path of participatory development in Kenya /</subfield><subfield code='r'>John Kennedy Alumasa --</subfield><subfield code='g'>2.</subfield><subfield code='t'>My pathway to work on participation in local governance /</subfield><subfield code='r'>Eloy Anello --</subfield><subfield code='g'>3.</subfield><subfield code='t'>Six experiences with PRA /</subfield><subfield code='r'>Qais Anwar --</subfield><subfield code='g'>4.</subfield><subfield code='t'>Participation, policy, poverty: where now? /</subfield><subfield code='r'>Karen Brock --</subfield><subfield code='g'>5.</subfield><subfield code='t'>Reflections on PRA experience /</subfield><subfield code='r'>Robert Chambers --</subfield><subfield code='g'>6.</subfield><subfield code='t'>From participatory appraisal to participation in governance in the Philippines /</subfield><subfield code='r'>Rene D. Clemente --</subfield><subfield code='g'>7.</subfield><subfield code='t'>Winding paths, broken journeys: travels with PRA /</subfield><subfield code='r'>Andrea Cornwall --</subfield><subfield code='g'>8.</subfield><subfield code='t'>Participation of the people /</subfield><subfield code='r'>Chandan Datta --</subfield><subfield code='g'>9.</subfield><subfield code='t'>Reflections on participation and empowerment /</subfield><subfield code='r'>Michael Drinkwater --</subfield><subfield code='g'>10.</subfield><subfield code='t'>Maps turning to minefields: local knowledge of PRA in a Ugandan village /</subfield><subfield code='r'>Marc Fiedrich --</subfield><subfield code='g'>11.</subfield><subfield code='t'>Pathways to participation in French-speaking Africa: a learner&apos;s itinerary /</subfield><subfield code='r'>Bara Gueye --</subfield><subfield code='g'>12.</subfield><subfield code='t'>Intrigued and frustrated, enthusiastic and critical: reflections on PRA /</subfield><subfield code='r'>Irene Guijt --</subfield><subfield code='g'>13.</subfield><subfield code='t'>Reflecting on PRA, participation and gender /</subfield><subfield code='r'>Regis M. Gwaba --</subfield><subfield code='g'>14.</subfield><subfield code='t'>PRA from an end-user&apos;s perspective /</subfield><subfield code='r'>Katja Jassey --</subfield><subfield code='g'>15.</subfield><subfield code='t'>Personal reflections -- on petrol queue time /</subfield><subfield code='r'>Barbara Kaim --</subfield><subfield code='g'>16.</subfield><subfield code='t'>Sharing my dilemmas: mixed messages on PRA and participation /</subfield><subfield code='r'>Humera Malik --</subfield><subfield code='g'>17.</subfield><subfield code='t'>Reflecting on the past: my journey to participation /</subfield><subfield code='r'>Mwajuma Saiddy Masaiganah --</subfield><subfield code='g'>18.</subfield><subfield code='t'>To REFLECT or not to REFLECT? /</subfield><subfield code='r'>Jessica Nalwoga --</subfield><subfield code='g'>19.</subfield><subfield code='t'>PRA, poverty and livelihoods: reflections from inside the bowels of an international NGO /</subfield><subfield code='r'>Koos Neefjes --</subfield><subfield code='g'>20.</subfield><subfield code='t'>PRA values: how to become a true believer /</subfield><subfield code='r'>Bardolf Paul --</subfield><subfield code='g'>21.</subfield><subfield code='t'>Rediscovering a dream: reflections on PRA experience /</subfield><subfield code='r'>Wilhelmina R. Pelegrina --</subfield><subfield code='g'>22.</subfield><subfield code='t'>Sharing happiness through PRA /</subfield><subfield code='r'>Kamal Phuyal --</subfield><subfield code='g'>23.</subfield><subfield code='t'>Learning to live the politics of participation /</subfield><subfield code='r'>Michel Pimbert --</subfield><subfield code='g'>24.</subfield><subfield code='t'>PRA as learning and empowerment -- for children too /</subfield><subfield code='r'>Rajendra Prasad --</subfield><subfield code='g'>25.</subfield><subfield code='t'>Discovering new faces of PRA /</subfield><subfield code='r'>Garett Pratt --</subfield><subfield code='g'>26.</subfield><subfield code='t'>What have we learned about participatory methods? /</subfield><subfield code='r'>Jules Pretty --</subfield><subfield code='g'>27.</subfield><subfield code='t'>Tracing my participatory footsteps /</subfield><subfield code='r'>Mallika R. Samaranayake --</subfield><subfield code='g'>28.</subfield><subfield code='t'>Making waves: a case for handing over PRA /</subfield><subfield code='r'>Tilly Sellers --</subfield><subfield code='g'>29.</subfield><subfield code='t'>The road from Lathodara: some reflections on PRA /</subfield><subfield code='r'>Meera Kaul Shah --</subfield><subfield code='g'>30.</subfield><subfield code='t'>My road to Participatory Action Research /</subfield><subfield code='r'>Marja-Liisa Swantz --</subfield><subfield code='g'>31.</subfield><subfield code='t'>Learning from mistakes: reflections on improvisational participation /</subfield><subfield code='r'>John Thompson --</subfield><subfield code='g'>32.</subfield><subfield code='t'>Rewriting the mass line: an outsider&apos;s reflections on participatory approaches in southwest China /</subfield><subfield code='r'>Andreas Wilkes.</subfield></datafield><datafield ind1=' ' ind2='0' tag='650'><subfield code='a'>Participatory rural appraisal.</subfield></datafield><datafield ind1=' ' ind2='0' tag='650'><subfield code='a'>Rural development projects</subfield><subfield code='x'>Citizen participation</subfield></datafield><datafield ind1=' ' ind2='0' tag='650'><subfield code='a'>Agricultural development projects</subfield><subfield code='x'>Citizen participation.</subfield></datafield><datafield ind1='1' ind2=' ' tag='700'><subfield code='a'>Cornwall, Andrea,</subfield><subfield code='d'>1963-</subfield></datafield><datafield ind1='1' ind2=' ' tag='700'><subfield code='a'>Pratt, Garett.</subfield></datafield><datafield ind1='2' ind2=' ' tag='710'><subfield code='a'>Institute of Development Studies (Brighton, England)</subfield></datafield><datafield ind1='0' ind2='8' tag='776'><subfield code='i'>Online version:</subfield><subfield code='t'>Pathways to participation.</subfield><subfield code='d'>London : ITDG Pub., 2003</subfield><subfield code='w'>(OCoLC)607030816</subfield></datafield><datafield ind1='1' ind2=' ' tag='583'><subfield code='a'>committed to retain</subfield><subfield code='c'>20181001</subfield><subfield code='d'>in perpetuity</subfield><subfield code='f'>ReCAP Shared Collection</subfield><subfield code='5'>HUL</subfield><subfield code='8'>222086088990003941</subfield></datafield><datafield ind1='0' ind2=' ' tag='852'><subfield code='c'>HD</subfield><subfield code='h'>HN49.C6</subfield><subfield code='i'>P38 2003</subfield><subfield code='0'>13541739</subfield><subfield code='b'>scsbhl</subfield></datafield><datafield ind1=' ' ind2=' ' tag='876'><subfield code='0'>13541739</subfield><subfield code='a'>19363013</subfield><subfield code='h'> </subfield><subfield code='j'>Available</subfield><subfield code='k'>WID</subfield><subfield code='p'>HXMVJS</subfield><subfield code='x'>Shared</subfield><subfield code='z'>HW</subfield><subfield code='l'>HD</subfield></datafield></record>