
<record><leader>00748cam a2200229 a 4500</leader><controlfield tag='001'>SCSB-7905501</controlfield><controlfield tag='003'>FrPAAL</controlfield><controlfield tag='005'>20140303.0</controlfield><controlfield tag='008'>140303s2014    fr     g      000 0 fre d</controlfield><controlfield tag='009'>.b200849426</controlfield><datafield ind1=' ' ind2=' ' tag='020'><subfield code='a'>9782070144587 (pbk.) :</subfield><subfield code='c'>15,50 EUR</subfield></datafield><datafield ind1=' ' ind2=' ' tag='040'><subfield code='a'>FrPAAL</subfield><subfield code='b'>eng</subfield></datafield><datafield ind1='0' ind2='4' tag='050'><subfield code='a'>PQ2682.E5238</subfield><subfield code='b'>J87 2014</subfield></datafield><datafield ind1='1' ind2=' ' tag='100'><subfield code='a'>Velter, André.</subfield></datafield><datafield ind1='1' ind2='0' tag='245'><subfield code='a'>Jusqu&apos;au bout de la route :</subfield><subfield code='b'>un livre-récital /</subfield><subfield code='c'>André Velter ; avec Gaspar Claus.</subfield></datafield><datafield ind1=' ' ind2=' ' tag='260'><subfield code='a'>[Paris] :</subfield><subfield code='b'>Gallimard,</subfield><subfield code='c'>c2014.</subfield></datafield><datafield ind1=' ' ind2=' ' tag='300'><subfield code='a'>153 p. ;</subfield><subfield code='c'>21 cm.</subfield></datafield><datafield ind1='1' ind2=' ' tag='700'><subfield code='a'>Claus, Gaspar.</subfield></datafield><datafield ind1=' ' ind2=' ' tag='907'><subfield code='a'>.b200849426</subfield><subfield code='c'>m</subfield><subfield code='d'>a</subfield><subfield code='e'>a</subfield><subfield code='f'>fre</subfield><subfield code='g'>fr</subfield><subfield code='h'>0</subfield><subfield code='i'>1</subfield></datafield><datafield ind1=' ' ind2=' ' tag='035'><subfield code='a'>(OCoLC)872401123</subfield></datafield><datafield ind1='8' ind2=' ' tag='852'><subfield code='h'>ReCAP 14-61505</subfield><subfield code='0'>8046263</subfield><subfield code='b'>scsbnypl</subfield></datafield><datafield ind1=' ' ind2=' ' tag='876'><subfield code='0'>8046263</subfield><subfield code='a'>13239886</subfield><subfield code='j'>Available</subfield><subfield code='p'>33433111301259</subfield><subfield code='t'>1</subfield><subfield code='x'>Shared</subfield><subfield code='z'>NA</subfield><subfield code='l'>RECAP</subfield></datafield></record>