
<record><leader>00000cam  2200385 i 4500</leader><controlfield tag='001'>SCSB-15328207</controlfield><controlfield tag='003'>Fr-PaAMA</controlfield><controlfield tag='005'>20260205162610.0</controlfield><controlfield tag='008'>251219t20262026fr a          000 0 fre dcam i </controlfield><controlfield tag='009'>.b239002775</controlfield><datafield ind1='1' ind2=' ' tag='700'><subfield code='a'>Nauleau, Sophie,</subfield><subfield code='e'>editor.</subfield></datafield><datafield ind1='1' ind2=' ' tag='700'><subfield code='a'>Velter, André,</subfield><subfield code='e'>editor.</subfield></datafield><datafield ind1=' ' ind2='0' tag='650'><subfield code='a'>French literature</subfield><subfield code='y'>21st century.</subfield></datafield><datafield ind1=' ' ind2=' ' tag='020'><subfield code='a'>9782959564338</subfield><subfield code='q'>(paperback)</subfield><subfield code='c'>39,00 EUR</subfield></datafield><datafield ind1=' ' ind2=' ' tag='500'><subfield code='a'>&quot;Pour passer en revue la fin du monde&quot;--Cover.</subfield></datafield><datafield ind1='0' ind2='0' tag='505'><subfield code='t'>Salutations /</subfield><subfield code='r'>François Cheng ; présenté par Marc de Smedt --</subfield><subfield code='t'>Kasumi /</subfield><subfield code='r'>Corinne Atlan ; présentée par Zoé Balthus --</subfield><subfield code='t'>En cassant une vitre /</subfield><subfield code='r'>Anna Griva ; présentée par Michel Volkovitch --</subfield><subfield code='t'>Journal intime d&apos;un jeune instruit /</subfield><subfield code='r'>Luo Ying ; présenté par Jacques Darras --</subfield><subfield code='t'>Où étais-tu si longtemps, Jakob ? /</subfield><subfield code='r'>Mehis Heinsaar ; présenté par Antoine Chalvin --</subfield><subfield code='t'>À personne d&apos;autre /</subfield><subfield code='r'>Glen Baxter ; présenté par André Velter --</subfield><subfield code='g'>Itinéraire --</subfield><subfield code='t'>Deus ex machina /</subfield><subfield code='r'>Pak Mingyu ; présenté par Patrick Maurus --</subfield><subfield code='t'>Honorer les objets /</subfield><subfield code='r'>Tedi Lopez Mills ; présentée par Philippe Ollé-Laprune --</subfield><subfield code='t'>La sainte /</subfield><subfield code='r'>Alek Popov ; présenté par Velina Minkoff --</subfield><subfield code='t'>Ce dont rêve mon âme /</subfield><subfield code='r'>Thodoris Gònis ; présenté par Michel Volkovitch --</subfield><subfield code='t'>Navigation de René Descartes dans la Frise /</subfield><subfield code='r'>Jacques Darras ; présenté par Bernard Fournier --</subfield><subfield code='t'>Sonate dans la cendre /</subfield><subfield code='r'>Mohsen Emadi ; présenté par Philippe Ollé-Laprune --</subfield><subfield code='g'>Itinéraire --</subfield><subfield code='t'>Hardiment /</subfield><subfield code='r'>Gaspar Claus ; présenté par Sophie Nauleau --</subfield><subfield code='t'>Perdu, blessé ou dans une beauté transitoire /</subfield><subfield code='r'>Rohan Chhetri ; présenté par Éric Auzoux --</subfield><subfield code='t'>La peur solitaire /</subfield><subfield code='r'>Francis Wolff ; présenté par Paul Clavier --</subfield><subfield code='t'>Hypoténuse /</subfield><subfield code='r'>Laia Jufresa ; présentée par Philippe Ollé-Laprune --</subfield><subfield code='t'>Rien n&apos;est plus réel que rien /</subfield><subfield code='r'>Karthika Naïr ; présentée par Éric Auzoux --</subfield><subfield code='t'>En Inde /</subfield><subfield code='r'>Emmanuel Lenain ; présenté par Jean-Claude Perrier --</subfield><subfield code='g'>Itinéraire --</subfield><subfield code='t'>Saules, concombres et tournesols /</subfield><subfield code='r'>Mirza Waheed ; présenté par Éric Auzoux --</subfield><subfield code='t'>Ces miroirs magiques pleins de reflets d&apos;émeraude /</subfield><subfield code='r'>Isabelle Desesquelles ; présentée par Arno Bertina --</subfield><subfield code='t'>Sortilèges d&apos;une prêtresse de la lumière /</subfield><subfield code='r'>Mariam al-Ahmad ; présentée par Bénédicte Letellier --</subfield><subfield code='t'>À ce moment-là /</subfield><subfield code='r'>Jacques Durand ; présenté par Francis Wolff --</subfield><subfield code='t'>Rencontre ou séparation /</subfield><subfield code='r'>Katerina Iliopoulou ; présentée par Michel Volkovitch --</subfield><subfield code='t'>Stone Age /</subfield><subfield code='r'>Jean Rouaud ; présenté par Thierry Gillybœuf --</subfield><subfield code='g'>Itinéraire --</subfield><subfield code='t'>Après /</subfield><subfield code='r'>Reina María Rodríguez ; présentée par Nydia Pineda de Ávila --</subfield><subfield code='t'>Rive de la quiétude /</subfield><subfield code='r'>Nariman Hassan ; présentée par Bénédicte Letellier --</subfield><subfield code='t'>Dernier jour dans le monde profane /</subfield><subfield code='r'>Makis Tsitas ; présenté par Michel Volkovitch --</subfield><subfield code='t'>Dans le tourbillon de l&apos;Histoire /</subfield><subfield code='r'>Andrus Kivirähk ; présenté par Antoine Chalvin --</subfield><subfield code='t'>L&amp;#x12B;l&amp;#x101; /</subfield><subfield code='r'>Sophie Nauleau ; présentée par Xavier Darcos --</subfield><subfield code='t'>Concert baroque /</subfield><subfield code='r'>Ernest Pignon-Ernest ; d&apos;Uzeste à La Havane.</subfield></datafield><datafield ind1=' ' ind2=' ' tag='520'><subfield code='a'>&quot;Cycle après cycle, Shiva détruit et régénère. Croire en lui n&apos;est pas nécessaire. Sa danse est un sursaut quand tout roule à l&apos;abîme. Comme ce qui veut sauver le qui-vive d&apos;une vie nouvelle. Loin des certitudes aveugles. Loin des lamentations de confort. Loin des épilogues qui font la part des choses, le jeu du néant, l&apos;emprise du destin. À passer en revue la fin du monde, on entrevoit que ce n&apos;est jamais que la fin d&apos;un monde.&quot;--Page 4 of cover.</subfield></datafield><datafield ind1=' ' ind2='1' tag='264'><subfield code='a'>Bonnieux :</subfield><subfield code='b'>Éditions Hardies,</subfield><subfield code='c'>[2026]</subfield></datafield><datafield ind1=' ' ind2='4' tag='264'><subfield code='c'>©2026</subfield></datafield><datafield ind1=' ' ind2=' ' tag='300'><subfield code='a'>430 pages :</subfield><subfield code='b'>illustrations (some color) ;</subfield><subfield code='c'>26 cm</subfield></datafield><datafield ind1=' ' ind2=' ' tag='336'><subfield code='a'>text</subfield><subfield code='b'>txt</subfield><subfield code='2'>rdacontent</subfield></datafield><datafield ind1=' ' ind2=' ' tag='337'><subfield code='a'>unmediated</subfield><subfield code='b'>n</subfield><subfield code='2'>rdamedia</subfield></datafield><datafield ind1=' ' ind2=' ' tag='338'><subfield code='a'>volume</subfield><subfield code='b'>nc</subfield><subfield code='2'>rdacarrier</subfield></datafield><datafield ind1='0' ind2='0' tag='245'><subfield code='a'>Kali Yuga.</subfield><subfield code='n'>Cycle 2,</subfield><subfield code='p'>Création &amp; survie /</subfield><subfield code='c'>échappée annuelle par Sophie Nauleau &amp; André Velter.</subfield></datafield><datafield ind1=' ' ind2=' ' tag='040'><subfield code='a'>Fr-PaAMA</subfield><subfield code='b'>eng</subfield><subfield code='e'>rda</subfield><subfield code='c'>Fr-PaAMA</subfield></datafield><datafield ind1=' ' ind2=' ' tag='043'><subfield code='a'>e-fr---</subfield></datafield><datafield ind1=' ' ind2='4' tag='050'><subfield code='a'>PQ1297</subfield><subfield code='b'>.K355 2026</subfield></datafield><datafield ind1=' ' ind2='4' tag='908'><subfield code='a'>PQ1297</subfield><subfield code='b'>.K355 2026</subfield></datafield><datafield ind1='1' ind2='4' tag='082'><subfield code='a'>848</subfield></datafield><datafield ind1=' ' ind2=' ' tag='901'><subfield code='a'>AUXAM</subfield></datafield><datafield ind1=' ' ind2=' ' tag='910'><subfield code='a'>RL</subfield></datafield><datafield ind1=' ' ind2=' ' tag='960'><subfield code='s'>5705</subfield><subfield code='t'>MAL</subfield><subfield code='u'>41901apprv</subfield></datafield><datafield ind1='0' ind2='0' tag='907'><subfield code='a'>.b239002775</subfield></datafield><datafield ind1=' ' ind2=' ' tag='035'><subfield code='a'>(OCoLC)1569856554</subfield></datafield><datafield ind1='8' ind2=' ' tag='852'><subfield code='h'>ReCAP 25-109219</subfield><subfield code='0'>16439075</subfield><subfield code='b'>scsbnypl</subfield></datafield><datafield ind1=' ' ind2=' ' tag='876'><subfield code='0'>16439075</subfield><subfield code='a'>23205190</subfield><subfield code='j'>Available</subfield><subfield code='p'>33433139027894</subfield><subfield code='t'>1</subfield><subfield code='x'>Shared</subfield><subfield code='z'>NA</subfield><subfield code='l'>RECAP</subfield></datafield></record>