
<record><leader>03927cjm a2200541Ia 4500</leader><controlfield tag='001'>SCSB-8408573</controlfield><controlfield tag='003'>NNC</controlfield><controlfield tag='005'>20230118201506.0</controlfield><controlfield tag='007'>sd fungnnmmneu</controlfield><controlfield tag='008'>120121s2011    nyumun            n zxx d</controlfield><controlfield tag='009'>9598960</controlfield><datafield ind1='1' ind2='0' tag='024'><subfield code='a'>675754037062</subfield></datafield><datafield ind1='0' ind2='2' tag='028'><subfield code='a'>7286</subfield><subfield code='b'>Romeo Records</subfield></datafield><datafield ind1=' ' ind2=' ' tag='035'><subfield code='a'>(OCoLC)ocn776812185</subfield></datafield><datafield ind1=' ' ind2=' ' tag='035'><subfield code='a'>(OCoLC)776812185</subfield></datafield><datafield ind1=' ' ind2=' ' tag='035'><subfield code='a'>(NNC)9598960</subfield></datafield><datafield ind1=' ' ind2=' ' tag='035'><subfield code='a'>9598960</subfield></datafield><datafield ind1=' ' ind2=' ' tag='040'><subfield code='a'>TDF</subfield><subfield code='c'>TDF</subfield><subfield code='d'>MYG</subfield></datafield><datafield ind1='1' ind2=' ' tag='100'><subfield code='a'>Rockmore, Clara,</subfield><subfield code='e'>performer.</subfield><subfield code='4'>http://id.loc.gov/vocabulary/relators/prf</subfield><subfield code='0'>http://id.loc.gov/authorities/names/nr89015598</subfield></datafield><datafield ind1='1' ind2='0' tag='245'><subfield code='a'>Music in and on the air.</subfield></datafield><datafield ind1=' ' ind2=' ' tag='260'><subfield code='a'>[New York, N.Y.] :</subfield><subfield code='b'>Romeo Records,</subfield><subfield code='c'>2011.</subfield></datafield><datafield ind1=' ' ind2=' ' tag='300'><subfield code='a'>1 audio disc (77 min.) :</subfield><subfield code='b'>digital ;</subfield><subfield code='c'>4 3/4 in.</subfield></datafield><datafield ind1=' ' ind2=' ' tag='306'><subfield code='a'>011612</subfield></datafield><datafield ind1=' ' ind2=' ' tag='336'><subfield code='a'>performed music</subfield><subfield code='b'>prm</subfield><subfield code='2'>rdacontent</subfield></datafield><datafield ind1=' ' ind2=' ' tag='337'><subfield code='a'>audio</subfield><subfield code='b'>s</subfield><subfield code='2'>rdamedia</subfield></datafield><datafield ind1=' ' ind2=' ' tag='500'><subfield code='a'>From a live 1979 WQXR broadcast.</subfield></datafield><datafield ind1='0' ind2=' ' tag='511'><subfield code='a'>Clara Rockmore, theremin ; Nadia Reisenberg, piano ; Erick Friedman, violin ; members of the Violoncello Society.</subfield></datafield><datafield ind1=' ' ind2=' ' tag='500'><subfield code='a'>Program notes by Robert Sherman (11 p. : ill.) inserted in container.</subfield></datafield><datafield ind1='0' ind2=' ' tag='505'><subfield code='a'>Part one. Opening commentary (2:13) -- The swan / St.-Saëns (2:58) -- Commentary (1:46) -- Requiebros / Cassado (4:22) -- O cease thy singing, maiden fair, op. 4, no. 4 / Rachmaninoff (4:57) -- Commentary (1:12) -- Concerto for 2 violins in D minor, BWV 1043 : 2nd movement / Bach (8:34) -- Commentary and interviews -- Sonata in A for violin &amp; piano. 1st movement : Allegretto ben molto [i.e., moderato] (5:51) ; 2nd movement : Allegro ; Quasi lento : Tempo I (Allegro) (8:30) / Franck -- Commentary (1:10) --</subfield></datafield><datafield ind1='0' ind2=' ' tag='505'><subfield code='a'>Part two. Commentary (0:53) -- Trio in C, op. 87 : Adagio cantabile / Beethoven, arr. August Christian Prell (5:49) -- Commentary (1:00) -- Suite no 3 in D, BWV 1068 : Air on the G string / Bach (4:28) -- Commentary &amp; interviews / Janos Scholz &amp; Claus Adam (4:01) -- Bachianas brasileiras no. 5 : Aria / Villa-Lobos (7:56) -- Concluding commentary (4:51).</subfield></datafield><datafield ind1=' ' ind2='0' tag='650'><subfield code='a'>Theremin and piano music, Arranged.</subfield></datafield><datafield ind1=' ' ind2='0' tag='650'><subfield code='a'>Trios (Piano, theremin, violin), Arranged.</subfield></datafield><datafield ind1=' ' ind2='0' tag='650'><subfield code='a'>Sonatas (Violin and piano)</subfield><subfield code='v'>Excerpts.</subfield><subfield code='0'>http://id.loc.gov/authorities/subjects/sh2010114128</subfield></datafield><datafield ind1=' ' ind2='0' tag='650'><subfield code='a'>String trios (Cellos (3))</subfield><subfield code='v'>Excerpts, Arranged.</subfield></datafield><datafield ind1=' ' ind2='0' tag='650'><subfield code='a'>Instrumental ensembles, Arranged.</subfield><subfield code='0'>http://id.loc.gov/authorities/subjects/sh85066773</subfield></datafield><datafield ind1='1' ind2=' ' tag='700'><subfield code='a'>Reisenberg, Nadia,</subfield><subfield code='e'>performer.</subfield><subfield code='4'>http://id.loc.gov/vocabulary/relators/prf</subfield><subfield code='0'>http://id.loc.gov/authorities/names/n85231337</subfield></datafield><datafield ind1='1' ind2=' ' tag='700'><subfield code='a'>Friedman, Erick,</subfield><subfield code='e'>performer.</subfield><subfield code='4'>http://id.loc.gov/vocabulary/relators/prf</subfield><subfield code='0'>http://id.loc.gov/authorities/names/n81132015</subfield></datafield><datafield ind1='1' ind2='2' tag='700'><subfield code='a'>Saint-Saëns, Camille,</subfield><subfield code='d'>1835-1921.</subfield><subfield code='t'>Carnaval des animaux.</subfield><subfield code='p'>Cygne;</subfield><subfield code='o'>arranged.</subfield><subfield code='0'>http://id.loc.gov/authorities/names/n2021004378</subfield></datafield><datafield ind1='1' ind2='2' tag='700'><subfield code='a'>Cassadó, Gaspar,</subfield><subfield code='d'>1897-1966.</subfield><subfield code='t'>Requiebros;</subfield><subfield code='o'>arranged.</subfield></datafield><datafield ind1='1' ind2='2' tag='700'><subfield code='a'>Rachmaninoff, Sergei,</subfield><subfield code='d'>1873-1943.</subfield><subfield code='t'>Romansy,</subfield><subfield code='n'>op. 4.</subfield><subfield code='p'>Ne poĭ, krasavit︠s︡a, pri mne;</subfield><subfield code='o'>arranged.</subfield></datafield><datafield ind1='1' ind2='2' tag='700'><subfield code='a'>Bach, Johann Sebastian,</subfield><subfield code='d'>1685-1750.</subfield><subfield code='t'>Concertos,</subfield><subfield code='m'>violins (2), string orchestra,</subfield><subfield code='n'>BWV 1043,</subfield><subfield code='r'>D minor.</subfield><subfield code='p'>Largo, ma non tanto;</subfield><subfield code='o'>arranged.</subfield></datafield><datafield ind1='1' ind2='2' tag='700'><subfield code='a'>Franck, César,</subfield><subfield code='d'>1822-1890.</subfield><subfield code='t'>Sonatas,</subfield><subfield code='m'>violin, piano,</subfield><subfield code='r'>A major.</subfield><subfield code='p'>Allegretto ben moderato.</subfield><subfield code='0'>http://id.loc.gov/authorities/names/no2001061832</subfield></datafield><datafield ind1='1' ind2='2' tag='700'><subfield code='a'>Franck, César,</subfield><subfield code='d'>1822-1890.</subfield><subfield code='t'>Sonatas,</subfield><subfield code='m'>violin, piano,</subfield><subfield code='r'>A major.</subfield><subfield code='p'>Allegro.</subfield></datafield><datafield ind1='1' ind2='2' tag='700'><subfield code='a'>Beethoven, Ludwig van,</subfield><subfield code='d'>1770-1827.</subfield><subfield code='t'>Trios,</subfield><subfield code='m'>oboes (2), English horn,</subfield><subfield code='n'>op. 87,</subfield><subfield code='r'>C major.</subfield><subfield code='p'>Adagio cantabile;</subfield><subfield code='o'>arranged.</subfield></datafield><datafield ind1='1' ind2='2' tag='700'><subfield code='a'>Bach, Johann Sebastian,</subfield><subfield code='d'>1685-1750.</subfield><subfield code='t'>Suites,</subfield><subfield code='m'>orchestra,</subfield><subfield code='n'>BWV 1068,</subfield><subfield code='r'>D major.</subfield><subfield code='p'>Air;</subfield><subfield code='o'>arranged.</subfield><subfield code='0'>http://id.loc.gov/authorities/names/n83133694</subfield></datafield><datafield ind1='1' ind2='2' tag='700'><subfield code='a'>Villa-Lobos, Heitor.</subfield><subfield code='t'>Bachianas brasileiras,</subfield><subfield code='n'>no. 5.</subfield><subfield code='p'>Aria;</subfield><subfield code='o'>arranged.</subfield></datafield><datafield ind1='2' ind2=' ' tag='710'><subfield code='a'>Violoncello Society,</subfield><subfield code='e'>performer.</subfield><subfield code='4'>http://id.loc.gov/vocabulary/relators/prf</subfield><subfield code='0'>http://id.loc.gov/authorities/names/n88637776</subfield></datafield><datafield ind1='8' ind2='0' tag='852'><subfield code='h'>CD22200</subfield><subfield code='0'>8563886</subfield><subfield code='b'>scsbcul</subfield></datafield><datafield ind1=' ' ind2=' ' tag='876'><subfield code='0'>8563886</subfield><subfield code='a'>13954264</subfield><subfield code='h'>In Library Use</subfield><subfield code='j'>Not Available</subfield><subfield code='p'>MR74988760</subfield><subfield code='t'>1</subfield><subfield code='x'>Open</subfield><subfield code='z'>MR</subfield><subfield code='l'>RECAP</subfield></datafield></record>