
<record><leader>14822cam a2200361Ia 4500</leader><controlfield tag='001'>SCSB-5221929</controlfield><controlfield tag='003'>NNC</controlfield><controlfield tag='005'>20221121180857.0</controlfield><controlfield tag='008'>051128t20052005paua     b    101 0 eng d</controlfield><controlfield tag='009'>5520173</controlfield><datafield ind1=' ' ind2=' ' tag='020'><subfield code='a'>1558998268</subfield></datafield><datafield ind1=' ' ind2=' ' tag='035'><subfield code='a'>(OCoLC)ocm62348830</subfield></datafield><datafield ind1=' ' ind2=' ' tag='035'><subfield code='a'>(NNC)5520173</subfield></datafield><datafield ind1=' ' ind2=' ' tag='035'><subfield code='a'>5520173</subfield></datafield><datafield ind1=' ' ind2=' ' tag='040'><subfield code='a'>LHL</subfield><subfield code='c'>LHL</subfield><subfield code='d'>OrLoB-B</subfield></datafield><datafield ind1=' ' ind2=' ' tag='090'><subfield code='a'>TK7875</subfield><subfield code='b'>.M445 2005</subfield></datafield><datafield ind1='0' ind2='0' tag='245'><subfield code='a'>Micro- and nanosystems--materials and devices :</subfield><subfield code='b'>symposium held March 28-April 1, 2005, San Francisco, California, U.S.A. /</subfield><subfield code='c'>editors: Cengiz S. Ozkan [and others].</subfield></datafield><datafield ind1=' ' ind2=' ' tag='260'><subfield code='a'>Warrendale, Pa. :</subfield><subfield code='b'>Materials Research Society,</subfield><subfield code='c'>[2005], ©2005.</subfield></datafield><datafield ind1=' ' ind2=' ' tag='300'><subfield code='a'>xv, 525 pages :</subfield><subfield code='b'>illustrations ;</subfield><subfield code='c'>24 cm.</subfield></datafield><datafield ind1=' ' ind2=' ' tag='336'><subfield code='a'>text</subfield><subfield code='b'>txt</subfield><subfield code='2'>rdacontent</subfield></datafield><datafield ind1=' ' ind2=' ' tag='337'><subfield code='a'>unmediated</subfield><subfield code='b'>n</subfield><subfield code='2'>rdamedia</subfield></datafield><datafield ind1='1' ind2=' ' tag='490'><subfield code='a'>Materials Research Society symposium proceedings ;</subfield><subfield code='v'>v. 872</subfield></datafield><datafield ind1='0' ind2='0' tag='505'><subfield code='t'>Modification of deposition process of piezoelectric polycrystalline film by hydrothermal method - improvement of the deposition process by pre-treatment using hydrogen peroxide /</subfield><subfield code='r'>Akito Endo, Norimichi Kawashima, Shinichi Takeuchi, Mutsuo Ishikawa and Minoru Kurosawa --</subfield><subfield code='t'>Micromirror arrays for high temperature operation /</subfield><subfield code='r'>Mahmoud F. Almasari and Bruno A. Frazier --</subfield><subfield code='t'>Anchoring of organic molecules on Cu(001) surface through S-headgroup /</subfield><subfield code='r'>P. Monachesi, L. Chiodo, F. Bussolotti, M. G. Betti and C. Mariani --</subfield><subfield code='t'>In situ pretreatment approach for surface deterioration alleviation amidst thermal desorption of Si(100) /</subfield><subfield code='r'>A. F. Pun, X. Wang, J. B. Meeks, S. M. Durbin and J. P. Zheng --</subfield><subfield code='t'>Significance of surface topography on performance and lifetime of MEMS switches and relays /</subfield><subfield code='r'>Lior Kogut and Kyriakos Komvopoulos --</subfield><subfield code='t'>Effects of hydrogen annealing process conditions on nano scale silicon (011) fins /</subfield><subfield code='r'>Rownak J. Zaman, Weize Xiong, Rudy Quintanilla, Thomas Schulz, C. Rinn Cleavelin, Rick Wise, Mike Pas, Paul Patruno, Klaus Schruefer and Sanjay K. Banerjee --</subfield><subfield code='t'>Detection of residual stress in silicon carbide MEMS by [mu]-Raman spectroscopy /</subfield><subfield code='r'>John C. Zingarelli, Michael A. Marciniak and Jason R. Foley --</subfield><subfield code='t'>Strain transduction in conductor-modified polymers /</subfield><subfield code='r'>Eerik T. Hantsoo, Vanessa B. Chial, Yanan Zhao, Kevin C. Chan, Klint A. Rose, Kenneth S. Wu and Beth L. Pruitt --</subfield><subfield code='t'>Characterization of Ti/TiN and TiN conductive layer for high temperature MEMS devices /</subfield><subfield code='r'>Peter Lange, Birger Ohlsen, Sebastian Puls and Joerg Syre --</subfield><subfield code='t'>Exchange spring type magnet realized in FePt/Fe multilayers deposited by magnetron sputtering /</subfield><subfield code='r'>Yousong Gu, Dayong Zhang, Xiaoyuan Zhan, Zhen Ji, Xiaolan Zhen and Yue Zhang --</subfield><subfield code='t'>Fabrication of electrical nanocontacts to nanometer-sized materials and structures using a focused ion beam /</subfield><subfield code='r'>F. Hernandez-Ramirez, O. Casals, J. Rodriguez, A. Vila, A. Romano-Rodriguez, J. R. Morante, M. Abid and S. Valizadeh --</subfield><subfield code='t'>Through-wafer polysilicon interconnect fabrication with in situ boron dumping /</subfield><subfield code='r'>Ismo Luusua, Kimmo Henttinen, Panu Pekko, Tapani Vehmas and Hannu Luoto --</subfield><subfield code='t'>Low temperature MEMS manufacturing processes : plasma activated wafer bonding /</subfield><subfield code='r'>Viorel Dragoi, Sharon Farrens and Paul Lindner --</subfield><subfield code='t'>Spontaneous growth of nickel silicide nanowires and formation of self-assembled nanobridges by the metal induced growth method /</subfield><subfield code='r'>Joondong Kim, Wayne A. Anderson and Young-Joo Song --</subfield><subfield code='t'>Self assembled monolayer methods in the fabrication of high-Tc superconductor SNS junction nano-devices /</subfield><subfield code='r'>Sungwook Kim, In Soon Chang, Fannyben Patel and John T. McDevitt --</subfield><subfield code='t'>Electrical and optical properties of self-assembled, ordered gold nanocrystal/silica thin films prepared by sol-gel processing /</subfield><subfield code='r'>Kai Yang, Hongyou Fan, Michael J. O&apos;Brien, Sima La Fontaine, Gabriel P. Lopez, Kevin J. Malloy, C. Jeffrey Brinker and Thomas W. Sigmon --</subfield><subfield code='t'>Micro-molded high Q polymer resonators for optical loss determination /</subfield><subfield code='r'>Andrea L. Martin, Akil Srinivasan, Deniz K. Armani, Bumki Min and Kerry J. Vahala --</subfield><subfield code='t'>Fine-tuning of the spectral collection efficiency in a multilayer junction through the LSP technique /</subfield><subfield code='r'>M. Fernandes, A. Fantoni, M. Niehus, P. Louro, G. Lavareda, C. N. Carvalho and M. Vieira --</subfield><subfield code='t'>Mechanically tunable nanophotonic devices /</subfield><subfield code='r'>W. Park, E. Schonbrun, M. Tinker, Q. Wu and J.-B. Lee --</subfield><subfield code='t'>Micrometer scale silicon dioxide tunnels for on-chip fluidic sample delivery to nanometer-scale chemical sensors /</subfield><subfield code='r'>Ali Gokirmak and Sandip Tiwari --</subfield><subfield code='t'>A fabrication of a novel microfluidic reactor microsynthesis of MIP&apos;s particles /</subfield><subfield code='r'>Kyung M. Choi, John A. Rogers and Kenneth J. Shea --</subfield><subfield code='t'>Oligonucleotide metallization for conductive bio-inorganic interfaces in self assembled nanoelectronics and nanosystems /</subfield><subfield code='r'>Xu Wang, Krishna Singh, Chris Tsai, Roger Lake, Alexander Balandin, Mihri Ozkan and Cengiz Ozkan --</subfield><subfield code='t'>Efficient atomization using MHz MEMS-based ultrasonic nozzles /</subfield><subfield code='r'>Shirley C. Tsai, Yu L. Song, Yuan F. Chou, J. H. Cheng and Chen S. Tsai --</subfield><subfield code='t'>Thin film silicon microbridges for DNA detection /</subfield><subfield code='r'>T. Adrega, J. Gaspar, F. Fixe, V. Chu and D. M. F. Prazeres --</subfield><subfield code='t'>Fabrication and electromechanical properties of conductive polymer microbridge actuators /</subfield><subfield code='r'>Guandong Zhang, Joao Gaspar, Virginia Chu and Joao Pedro Conde --</subfield><subfield code='t'>Low-cost and chemical resistant microfluidic devices based on thermoplastic elastomers for a novel biosensor system /</subfield><subfield code='r'>I. Stoyanov, M. Tewes, S. Glass, M. Koch and M. Lohndorf --</subfield><subfield code='t'>Multi-layer photopolymer micromachining /</subfield><subfield code='r'>J. R. Huang, B. Bai, J. Shaw, T. N. Jackson, C. Y. Wei, V. Manivannan and K. Durocher --</subfield><subfield code='t'>A novel latching relay fabricated using an oxide molded tungsten process /</subfield><subfield code='r'>J. G. Fleming, Michael Baker and David Luck --</subfield><subfield code='t'>Hot embossing lithography : release layer characterization by chemical force microscopy /</subfield><subfield code='r'>Neil S. Cameron, Arnaud Ott, Helene Roberge and Teodor Veres --</subfield><subfield code='t'>Carbohydrate-carbohydrate recognition promotes cell adhesion /</subfield><subfield code='r'>Christine Gourier, Eric Perez, Yongmin Zhang and Pierre Sinay --</subfield><subfield code='t'>Fabrication and evaluation of conducting polymer nanowire heterostructures /</subfield><subfield code='r'>Yevgeny Berdichevsky and Y.-H. Lo --</subfield><subfield code='t'>Composition influence on the properties of titanium-doped gamma iron oxide nanoparticles prepared by laser pyrolysis method /</subfield><subfield code='r'>Ion Morjan, Rodica Alexandrescu, Florian Dumitrache, Ion Sanu, Monica Scarisoreanu, Lavinia Albu, Iuliana Soare, Ion Voicu, Bohumil David, Oldrich Scheenweiss, Claudiu Fleaca, Ernest Popovici and Victor Ciupina --</subfield><subfield code='t'>A systematic study of the formation of nano-tips on silicon thin films by excimer laser irradiation /</subfield><subfield code='r'>D. G. Georgiev, R. J. Baird, I. Avrutsky, G. Auner, G. Newaz and N. Tokranova --</subfield><subfield code='t'>Functionally engineered carbon nanotubes-peptide nucleic acid nanocomponents /</subfield><subfield code='r'>Krishna V. Singh, Xu Wang, Rajeev R. Pandey, Roger Lake, Cengiz S. Ozkan and Mihrimah Ozkan --</subfield><subfield code='t'>Investigation of electric characteristics of nanoscale composite A[superscript 1]B[superscript 5]C[superscript 6] semiconductors : experiment and numerical simulation /</subfield><subfield code='r'>H. Khlyap, V. Bilozertseva, L. Panchenko, P. Shkumbatiuk and M. Andrukhiv --</subfield><subfield code='t'>Etching silicon through an effective nanomask : an electrochemical way to nanomachining /</subfield><subfield code='r'>Stefano Borini, Andrea M. Rossi, Luca Boarino and Giampiero Amato --</subfield><subfield code='t'>An optical diffraction microphone with active grating diaphragm /</subfield><subfield code='r'>Kazuhiro Suzuki, Hideyuki Funaki and Yujiro Naruse --</subfield><subfield code='t'>Fabrication of a bimodal ferromagnetic nanosystem in an etched silicon structure and its magnetic and magneto-optic characterization /</subfield><subfield code='r'>P. Grantizer, K. Rumpf, P. Polt, A. Reichmann, S. Surnev and H. Krenn --</subfield><subfield code='t'>Nanocomposite thin film coatings for protection of materials surfaces /</subfield><subfield code='r'>R. Asmatulu, R. O. Claus, J. B. Mecham, S. G. Corcoran and Y. X. Wang --</subfield><subfield code='t'>Embedded piezoresistive microantilever sensors : materials for sensing chemical and biological analytes /</subfield><subfield code='r'>Timothy L. Porter, William Delinger and Robert L. Gunter --</subfield><subfield code='t'>Interpretation of the phonon frequency shifts in ZnO quantum dots /</subfield><subfield code='r'>Khan A. Alim, Vladimir A. Fonoberov and Alexander A. Balandin --</subfield><subfield code='t'>In vivo biostability of CVD silicon oxide and silicon nitride films /</subfield><subfield code='r'>John M. Maloney, Sara A. Lipka and Samuel P. Baldwin --</subfield><subfield code='t'>In situ pretreatment approach for surface deterioration alleviation amidst thermal desorption of GaAs(100) /</subfield><subfield code='r'>A. F. Pun, X. Wang, J. B. Meeks, S. M. Durbin and J. P. Zheng --</subfield><subfield code='t'>Effect of dopants on the band structure of barium strontium titanate thin films /</subfield><subfield code='r'>Yuebing Zheng, Shijie Wang and Cheng Hon A. Huan --</subfield><subfield code='t'>Multi-band terahertz imaging system design /</subfield><subfield code='r'>Liviu Popa-Simil --</subfield><subfield code='t'>A wide band gap boron-doped microcrystalline silicon film obtained with VHF glow discharge method /</subfield><subfield code='r'>Feng Zhu, Ying Zhao, Changcun Wei, Xiaodan Zhang, Yantao Gao, Jian Sun and Xinhua Geng --</subfield><subfield code='t'>Diode laser bonding of planar MEMS, MOEMS, and microfluidic devices /</subfield><subfield code='r'>Jie-Wei Chen, Jerry Zybko and James Clements --</subfield><subfield code='t'>Investigating narrow plasmons in nanoparticle arrays fabricated using electron beam lithography /</subfield><subfield code='r'>Erin M. Hicks, Linda Gunnarrsson, Tomas Rindevicius, Shengli Zou, Bengt Kasemo, Mikael Kall, Goerge C. Schatz, Kenneth G. Spears and Richard P. Van Duyne --</subfield></datafield><datafield ind1=' ' ind2=' ' tag='500'><subfield code='a'>&quot;Symposium J, &apos;Micro- and Nanosystems--Materials and Devices&apos; [was] held March-28-April 1 at the 2005 MRS Spring Meeting in San Francisco, California ...&quot;--Pref.</subfield></datafield><datafield ind1=' ' ind2=' ' tag='504'><subfield code='a'>Includes bibliographical references and indexes.</subfield></datafield><datafield ind1='8' ind2='0' tag='505'><subfield code='t'>Microchannel arrays in borophosphosilicate glass for photonic device and optical sensor applications /</subfield><subfield code='r'>Claire L. Callender, Patrick Dumais, Chantal Blanchetiere, Christopher J. Ledderhof and Julian P. Noad --</subfield><subfield code='t'>Development of humidity sensors using layer-by-layer nanoassembly of polypyrrole /</subfield><subfield code='r'>R. Nohria, Y. Su, R. K. Khillan, R. Dikshit, Y. Lvov and K. Varahramyan --</subfield><subfield code='t'>Stabilized Pd-alloy/AIN/Si hydrogen sensors /</subfield><subfield code='r'>Linfeng Zhang, Ibrahim Al-Homoudi, Md. H. Rahman, Erik F. McCullen, Lajos Rimai, Ronald J. Baird, Ratna Naik, Golam Newaz, Gregory W. Auner and K. Y. Simon Ng --</subfield><subfield code='t'>Multi-technology measurements of amorphous carbon films /</subfield><subfield code='r'>Jingmin Leng, Jon Opsal, Heath Pois, Osman Sorkhabi, Xiaoping Liu and Stephen J. Morris --</subfield><subfield code='t'>Towards novel light-activated shape memory polymer : thermomechanical properties of photo-responsive polymers /</subfield><subfield code='r'>Emily A. Snyder and Tat H. Tong --</subfield><subfield code='t'>Surface modification and neural tissue culture of thin film electrode materials /</subfield><subfield code='r'>Sachin Thanawala, Saida P. Khan, Olena Palyvoda, Daniel G. Georgiev, Ibrahim A. Al-Homoudi, Golam Newaz and Gregory Auner --</subfield><subfield code='t'>Atomic force microscopy probe with integrated loop and shielded leads for micromagnetic sensing /</subfield><subfield code='r'>D. P. Lagally, A. Karbassi, Y. Wang, C. A. Paulson and D. W. van der Weide --</subfield><subfield code='t'>Functionalization of microfluidic channels with in situ grown carbon nanotubes /</subfield><subfield code='r'>K. Gjerde, T. Schurmann, K. B. K. Teo, M. Aono, W. I. Milne and P. Boggild --</subfield><subfield code='t'>Growth, characterization and processing of VO[subscript 2] thin films for micro-switching devices /</subfield><subfield code='r'>Mohamed Soltani, Luc Stafford, Mohamed Chaker and Joelle Margot --</subfield><subfield code='t'>Effects of substrate materials on the electrical behavior of Pd/AIN/semiconductor based hydrogen sensors /</subfield><subfield code='r'>Md. H. Rahman, L. Zhang, L. Rimai, R. J. Baird, R. Naik, K. Y. S. Ng, G. Auner and G. Newaz --</subfield><subfield code='t'>Ultra-fine ZnO nanobelts and their photoluminescence emission /</subfield><subfield code='r'>Aurangzeb Khan and Martin E. Kordesch --</subfield><subfield code='t'>Synthesis of nanoscale devices for neural electrophysiological imaging /</subfield><subfield code='r'>Ludovico M. Dell&apos;Acqua-Bellavitis, Jake D. Ballard, Rena Bizios and Richard W. Siegel --</subfield><subfield code='t'>Anomalous temperature dependence of Fermi-edge singularity in modulation doped AlGaAs/InGaAs/GaAs heterostructures /</subfield><subfield code='r'>K. Gopalakrishna Naik, K. S. R. K. Rao, T. Srinivasan, R. Muralidharan and S. K. Mehta --</subfield><subfield code='t'>Composite contacts in microsystems : fabrication of metal-nanostructured titania nanocomposites /</subfield><subfield code='r'>Abu Samah Zuruzi, Marcus S. Ward, Chang Song Ding and Noel C. MacDonald --</subfield><subfield code='t'>Thermally stimulated electron emission from scratched metal surfaces /</subfield><subfield code='r'>Keiji Nakayama and Hitoshi Matamura --</subfield><subfield code='t'>Fabrication methods for improved electromechanical behavior in piezoelectric membranes /</subfield><subfield code='r'>M. C. Robinson, P. D. Hayenga, J. H. Cho, C. D. Richards, R. F. Richards and D. F. Bahr --</subfield><subfield code='t'>Quantum sizing of power electronics : a trend towards miniaturization of power electronic systems and equipments /</subfield><subfield code='r'>Arindam Chakraborty and Ali Emadi --</subfield><subfield code='t'>In search of metallic nanowires on Si(001) /</subfield><subfield code='r'>Inder P. Batra, Bikash C. Gupta and Aakanksha A. Panjwani --</subfield><subfield code='t'>Space charge limited current in porous silicon with traces of nitrogen dioxide /</subfield><subfield code='r'>Stefano Borini, Andrea M. Rossi, Luca Boarino and Giampiero Amato --</subfield><subfield code='t'>Functional carbon nanotube substrates for tissue engineering applications /</subfield><subfield code='r'>X. Zhang, C. Ozkan, S. Prasad, M. Ozkan and S. Niyogi --</subfield><subfield code='t'>Influence of growth parameters and annealing on properties of MBE grown GaAsSbN SQWs /</subfield><subfield code='r'>Liangjin Wu, Shanthi Iyer, Kalyan Nunna, Sudhakar Bharatan, Jia Li and Ward J. Collis --</subfield><subfield code='t'>Critical process issues in the fabrication of a lateral, self-cleaning, MEMS switch /</subfield><subfield code='r'>Yong Shi and Sang-Gook Kim --</subfield><subfield code='t'>Self organized InAs quantum dots on patterned GaAs substrates /</subfield><subfield code='r'>M. Schramboeck, W. Schrenk, A. M. Andrews, T. Roch, G. Fasching, W. Brezna, A. Lugstein and G. Strasser --</subfield><subfield code='t'>Colloidal crystal wires from directed assembly /</subfield><subfield code='r'>Feng Li, Xavier Bade, Jan Linnros and John B. Wiley --</subfield><subfield code='t'>The performance of the gate electrode using Co thin films selectively deposited on SAMs patterns for a-Si TFT /</subfield><subfield code='r'>H. J. Yang, J. G. Lee, B. S. Cho, J. H. Lee, C. O. Jeong and K. H. Chung --</subfield><subfield code='t'>Surface electronic states and electrostatic attractive forces between metals or semiconductor and tribocharged polymers /</subfield><subfield code='r'>Yoshihiro Momose, Masahiro Umeki, Daisuke Suzuki and Keiji Nakayama --</subfield><subfield code='t'>Chirality characterization of dispersed single wall carbon nanotubes /</subfield><subfield code='r'>Min Namkung, Phillip A. Williams, Candis D. Mayweather, Buzz Wincheski, Cheol Park and Juock S. Namkung --</subfield><subfield code='t'>Energetic neutral atom beam lithography/epitaxy for nanoscale device fabrication /</subfield><subfield code='r'>Elshan A. Akhadov, Alexander H. Mueller and Mark A. Hoffbauer --</subfield><subfield code='t'>TiN/GaN metal/semiconductor multilayer nanocomposites grown by reactive pulsed laser deposition /</subfield><subfield code='r'>Vijay Rawat and Timothy D. Sands --</subfield><subfield code='t'>Zinc powder evaporation : an efficient way of synthesizing a wide range of high-quality ZnO nanostructures at lower temperature /</subfield><subfield code='r'>Yue Zhang, Jian He, Yunhua Huang, Yousong Gu, Zhen Ji and Cheng Zhou.</subfield></datafield><datafield ind1=' ' ind2='0' tag='650'><subfield code='a'>Microelectromechanical systems</subfield><subfield code='v'>Congresses.</subfield><subfield code='0'>http://id.loc.gov/authorities/subjects/sh2008107748</subfield></datafield><datafield ind1=' ' ind2='0' tag='650'><subfield code='a'>Nanotechnology</subfield><subfield code='v'>Congresses.</subfield><subfield code='0'>http://id.loc.gov/authorities/subjects/sh2008108196</subfield></datafield><datafield ind1='1' ind2=' ' tag='700'><subfield code='a'>Ozkan, Cengiz S.</subfield><subfield code='0'>http://id.loc.gov/authorities/names/no2002066641</subfield></datafield><datafield ind1='2' ind2=' ' tag='710'><subfield code='a'>Materials Research Society.</subfield><subfield code='b'>Fall Meeting</subfield><subfield code='d'>(2005 :</subfield><subfield code='c'>San Francisco, Calif.)</subfield></datafield><datafield ind1='2' ind2=' ' tag='711'><subfield code='a'>Symposium on Micro- and Nanosystems--Materials and Devices</subfield><subfield code='d'>(2005 :</subfield><subfield code='c'>San Francisco, Calif.)</subfield></datafield><datafield ind1=' ' ind2='0' tag='830'><subfield code='a'>Materials Research Society symposia proceedings ;</subfield><subfield code='v'>v. 872.</subfield><subfield code='0'>http://id.loc.gov/authorities/names/n42037756</subfield></datafield><datafield ind1='0' ind2='0' tag='852'><subfield code='h'>TK7875 .M445 2005g</subfield><subfield code='0'>5208175</subfield><subfield code='b'>scsbcul</subfield></datafield><datafield ind1=' ' ind2=' ' tag='876'><subfield code='0'>5208175</subfield><subfield code='a'>7781633</subfield><subfield code='h'> </subfield><subfield code='j'>Available</subfield><subfield code='p'>CU68165080</subfield><subfield code='t'>1</subfield><subfield code='x'>Shared</subfield><subfield code='z'>CU</subfield><subfield code='l'>RECAP</subfield></datafield></record>