
<record><leader>00000cam a2200553 i 4500</leader><controlfield tag='001'>SCSB-11358047</controlfield><controlfield tag='005'>20170317150224.0</controlfield><controlfield tag='008'>160219s2016    nyu      b    001 0 eng  </controlfield><controlfield tag='009'>990149287320203941</controlfield><datafield ind1=' ' ind2=' ' tag='010'><subfield code='a'>^^2016008387</subfield></datafield><datafield ind1=' ' ind2=' ' tag='020'><subfield code='a'>9781101980361</subfield><subfield code='q'>(hardback)</subfield></datafield><datafield ind1=' ' ind2=' ' tag='020'><subfield code='a'>1101980362</subfield><subfield code='q'>(hardback)</subfield></datafield><datafield ind1=' ' ind2=' ' tag='020'><subfield code='z'>9781101980378</subfield><subfield code='q'>(ebook)</subfield></datafield><datafield ind1=' ' ind2=' ' tag='035'><subfield code='a'>(OCoLC)940455374</subfield><subfield code='z'>(OCoLC)916592920</subfield><subfield code='z'>(OCoLC)933727271</subfield><subfield code='z'>(OCoLC)1102141081</subfield><subfield code='z'>(OCoLC)1528669880</subfield><subfield code='z'>(OCoLC)1550409999</subfield><subfield code='z'>(OCoLC)1564125971</subfield><subfield code='z'>(OCoLC)1568767255</subfield></datafield><datafield ind1=' ' ind2=' ' tag='040'><subfield code='a'>DLC</subfield><subfield code='b'>eng</subfield><subfield code='e'>rda</subfield><subfield code='c'>DLC</subfield><subfield code='d'>OCLCF</subfield><subfield code='d'>TOH</subfield><subfield code='d'>YDXCP</subfield><subfield code='d'>BTCTA</subfield><subfield code='d'>BDX</subfield><subfield code='d'>IH7</subfield><subfield code='d'>OCP</subfield><subfield code='d'>JTH</subfield><subfield code='d'>FM0</subfield><subfield code='d'>VP@</subfield><subfield code='d'>OCLCQ</subfield></datafield><datafield ind1=' ' ind2=' ' tag='042'><subfield code='a'>pcc</subfield></datafield><datafield ind1='0' ind2='0' tag='050'><subfield code='a'>BF637.S4</subfield><subfield code='b'>W6575 2016</subfield></datafield><datafield ind1=' ' ind2='4' tag='060'><subfield code='a'>BF 637 S4</subfield><subfield code='b'>W6575 2016</subfield></datafield><datafield ind1='0' ind2='0' tag='082'><subfield code='a'>155.9/24</subfield><subfield code='2'>23</subfield></datafield><datafield ind1=' ' ind2=' ' tag='084'><subfield code='a'>PSY041000</subfield><subfield code='a'>PSY036000</subfield><subfield code='a'>SEL031000</subfield><subfield code='2'>bisacsh</subfield></datafield><datafield ind1='1' ind2=' ' tag='100'><subfield code='a'>Wolynn, Mark</subfield><subfield code='e'>author.</subfield></datafield><datafield ind1='1' ind2='0' tag='245'><subfield code='a'>It didn&apos;t start with you :</subfield><subfield code='b'>how inherited family trauma shapes who we are and how to end the cycle /</subfield><subfield code='c'>Mark Wolynn.</subfield></datafield><datafield ind1=' ' ind2='1' tag='264'><subfield code='a'>New York :</subfield><subfield code='b'>Viking,</subfield><subfield code='c'>2016.</subfield></datafield><datafield ind1=' ' ind2=' ' tag='300'><subfield code='a'>viii, 240 pages ;</subfield><subfield code='c'>24 cm</subfield></datafield><datafield ind1=' ' ind2=' ' tag='336'><subfield code='a'>text</subfield><subfield code='b'>txt</subfield><subfield code='2'>rdacontent</subfield></datafield><datafield ind1=' ' ind2=' ' tag='337'><subfield code='a'>unmediated</subfield><subfield code='b'>n</subfield><subfield code='2'>rdamedia</subfield></datafield><datafield ind1=' ' ind2=' ' tag='338'><subfield code='a'>volume</subfield><subfield code='b'>nc</subfield><subfield code='2'>rdacarrier</subfield></datafield><datafield ind1=' ' ind2=' ' tag='504'><subfield code='a'>Includes bibliographical references and index.</subfield></datafield><datafield ind1=' ' ind2=' ' tag='520'><subfield code='a'>&quot;A groundbreaking approach to transforming traumatic legacies passed down in families over generations, by an acclaimed expert in the field Depression. Anxiety. Chronic Pain. Phobias. Obsessive thoughts. The evidence is compelling: the roots of these difficulties may not reside in our immediate life experience or in chemical imbalances in our brains--but in the lives of our parents, grandparents, and even great-grandparents. The latest scientific research, now making headlines, supports what many have long intuited--that traumatic experience can be passed down through generations. It Didn&apos;t Start with You builds on the work of leading experts in post-traumatic stress, including Mount Sinai School of Medicine neuroscientist Rachel Yehuda and psychiatrist Bessel van der Kolk, author of The Body Keeps the Score. Even if the person who suffered the original trauma has died, or the story has been forgotten or silenced, memory and feelings can live on.^ These emotional legacies are often hidden, encoded in everything from gene expression to everyday language, and they play a far greater role in our emotional and physical health than has ever before been understood. As a pioneer in the field of inherited family trauma, Mark Wolynn has worked with individuals and groups on a therapeutic level for over twenty years. It Didn&apos;t Start with You offers a pragmatic and prescriptive guide to his method, the Core Language Approach. Diagnostic self-inventories provide a way to uncover the fears and anxieties conveyed through everyday words, behaviors, and physical symptoms. Techniques for developing a genogram or extended family tree create a map of experiences going back through the generations. And visualization, active imagination, and direct dialogue create pathways to reconnection, integration, and reclaiming life and health.^ It Didn&apos;t Start With You is a transformative approach to resolving longstanding difficulties that in many cases, traditional therapy, drugs, or other interventions have not had the capacity to touch&quot;--</subfield><subfield code='c'>Provided by publisher.</subfield></datafield><datafield ind1=' ' ind2=' ' tag='520'><subfield code='a'>&quot;A groundbreaking approach to transforming traumatic legacies passed down in families over generations, by a renowned expert in the field. Inherited family trauma is currently an area of growing interest, as science increasingly explores what we know intuitively: that the effects of trauma can pass from one generation to the next, and that the answers to some of our greatest life problems often lie not within our own story, but in the experiences of our parents, grandparents, great-grandparents, and extended family. Even if the person who suffered the original trauma has died, or the story has been forgotten or silenced, memory and feelings can live on in those in the present. And while inherited physical traits are easily discernible, this emotional legacy is often hidden, encoded in everything from gene expression to everyday language&quot;--</subfield><subfield code='c'>Provided by publisher.</subfield></datafield><datafield ind1='0' ind2=' ' tag='505'><subfield code='a'>Part I. The web of family trauma -- Traumas lost and found -- Three generations of shared family history: the family body -- The family mind -- The core language approach -- The four unconscious themes -- Part II. The core language map -- The core complaint -- Core descriptors -- The core sentence -- The core trauma -- Part III. Pathways to reconnection -- From insight to integration -- The core language of separation -- The core language of relationships -- The core language of success -- Core language medicine.</subfield></datafield><datafield ind1=' ' ind2='0' tag='650'><subfield code='a'>Self-actualization (Psychology)</subfield></datafield><datafield ind1=' ' ind2='0' tag='650'><subfield code='a'>Psychic trauma</subfield></datafield><datafield ind1=' ' ind2='0' tag='650'><subfield code='a'>Memory</subfield></datafield><datafield ind1=' ' ind2='7' tag='650'><subfield code='a'>PSYCHOLOGY</subfield><subfield code='x'>Psychotherapy</subfield><subfield code='x'>Couples &amp; Family.</subfield><subfield code='2'>bisacsh</subfield></datafield><datafield ind1=' ' ind2='7' tag='650'><subfield code='a'>PSYCHOLOGY</subfield><subfield code='x'>Mental Health.</subfield><subfield code='2'>bisacsh</subfield></datafield><datafield ind1=' ' ind2='7' tag='650'><subfield code='a'>SELF-HELP</subfield><subfield code='x'>Personal Growth</subfield><subfield code='x'>General.</subfield><subfield code='2'>bisacsh</subfield></datafield><datafield ind1=' ' ind2='7' tag='650'><subfield code='a'>Memory</subfield><subfield code='2'>fast</subfield></datafield><datafield ind1=' ' ind2='7' tag='650'><subfield code='a'>Psychic trauma</subfield><subfield code='2'>fast</subfield></datafield><datafield ind1=' ' ind2='7' tag='650'><subfield code='a'>Self-actualization (Psychology)</subfield><subfield code='2'>fast</subfield></datafield><datafield ind1=' ' ind2='2' tag='650'><subfield code='a'>Psychological Trauma</subfield><subfield code='x'>etiology</subfield></datafield><datafield ind1=' ' ind2='2' tag='650'><subfield code='a'>Psychological Trauma</subfield><subfield code='x'>therapy</subfield></datafield><datafield ind1=' ' ind2='2' tag='650'><subfield code='a'>Stress Disorders, Post-Traumatic</subfield></datafield><datafield ind1=' ' ind2='2' tag='650'><subfield code='a'>Historical Trauma</subfield></datafield><datafield ind1=' ' ind2='2' tag='650'><subfield code='a'>Intergenerational Relations</subfield></datafield><datafield ind1='0' ind2='8' tag='776'><subfield code='i'>Online version:</subfield><subfield code='a'>Wolynn, Mark.</subfield><subfield code='t'>It didn&apos;t start with you.</subfield><subfield code='d'>New York : Viking, 2016</subfield><subfield code='z'>9781101980378</subfield><subfield code='w'>(DLC)  2016008719</subfield></datafield><datafield ind1='1' ind2=' ' tag='583'><subfield code='a'>committed to retain</subfield><subfield code='c'>20181001</subfield><subfield code='d'>in perpetuity</subfield><subfield code='f'>ReCAP Shared Collection</subfield><subfield code='5'>HUL</subfield><subfield code='8'>222182017330003941</subfield></datafield><datafield ind1='0' ind2=' ' tag='852'><subfield code='c'>HD</subfield><subfield code='h'>BF637.S4</subfield><subfield code='i'>W6575 2016</subfield><subfield code='0'>12164614</subfield><subfield code='b'>scsbhl</subfield></datafield><datafield ind1=' ' ind2=' ' tag='876'><subfield code='0'>12164614</subfield><subfield code='a'>17930825</subfield><subfield code='h'> </subfield><subfield code='j'>Not Available</subfield><subfield code='k'>WID</subfield><subfield code='p'>32044143387603</subfield><subfield code='x'>Shared</subfield><subfield code='z'>HW</subfield><subfield code='l'>HD</subfield></datafield></record>