
<record><leader>00000cam a22005298i 4500</leader><controlfield tag='001'>SCSB-11923984</controlfield><controlfield tag='005'>20150821131141.0</controlfield><controlfield tag='008'>150512s2015    onc      b    000 0 eng  </controlfield><controlfield tag='009'>990144461730203941</controlfield><datafield ind1=' ' ind2=' ' tag='016'><subfield code='a'>20159032881</subfield></datafield><datafield ind1=' ' ind2=' ' tag='020'><subfield code='a'>9781928088004 (paperback)</subfield></datafield><datafield ind1=' ' ind2=' ' tag='020'><subfield code='a'>1928088007 (paperback)</subfield></datafield><datafield ind1=' ' ind2=' ' tag='035'><subfield code='a'>(OCoLC)909085721</subfield><subfield code='z'>(OCoLC)891125076</subfield><subfield code='z'>(OCoLC)904861159</subfield></datafield><datafield ind1=' ' ind2=' ' tag='040'><subfield code='a'>NLC</subfield><subfield code='b'>eng</subfield><subfield code='e'>rda</subfield><subfield code='c'>NLC</subfield><subfield code='d'>OCLCO</subfield><subfield code='d'>CDX</subfield><subfield code='d'>VP@</subfield><subfield code='d'>YDXCP</subfield><subfield code='d'>BTCTA</subfield><subfield code='d'>BDX</subfield><subfield code='d'>IUL</subfield><subfield code='d'>OCLCF</subfield></datafield><datafield ind1=' ' ind2=' ' tag='043'><subfield code='a'>n-cn---</subfield></datafield><datafield ind1=' ' ind2='4' tag='050'><subfield code='a'>PN145</subfield><subfield code='b'>.O94 2015</subfield></datafield><datafield ind1='0' ind2='4' tag='082'><subfield code='a'>808.02</subfield><subfield code='2'>23</subfield></datafield><datafield ind1='1' ind2=' ' tag='100'><subfield code='a'>Owen, Catherine,</subfield><subfield code='d'>1971-</subfield><subfield code='e'>author.</subfield></datafield><datafield ind1='1' ind2='4' tag='245'><subfield code='a'>The other 23 &amp; a half hours, or, Everything you wanted to know that your MFA. didn&apos;t teach you /</subfield><subfield code='c'>Catherine Owen.</subfield></datafield><datafield ind1='3' ind2='0' tag='246'><subfield code='a'>Everything you wanted to know that your MFA. didn&apos;t teach you</subfield></datafield><datafield ind1='3' ind2=' ' tag='246'><subfield code='a'>Other twenty-three and a half hours</subfield></datafield><datafield ind1='3' ind2=' ' tag='246'><subfield code='a'>Other 23 and a half hours,</subfield></datafield><datafield ind1='3' ind2=' ' tag='246'><subfield code='a'>Everything you wanted to know that your M F A. didn&apos;t teach you</subfield></datafield><datafield ind1='3' ind2='0' tag='246'><subfield code='a'>Everything you wanted to know that your MFA didn&apos;t teach you</subfield></datafield><datafield ind1='3' ind2=' ' tag='246'><subfield code='a'>Other 23 and a half hours</subfield></datafield><datafield ind1='3' ind2=' ' tag='246'><subfield code='a'>Everything you wanted to know that your M.F.A. didn&apos;t teach you</subfield></datafield><datafield ind1=' ' ind2='1' tag='264'><subfield code='a'>Hamilton, ON :</subfield><subfield code='b'>Wolsak and Wynn Publishers,</subfield><subfield code='c'>2015.</subfield></datafield><datafield ind1=' ' ind2=' ' tag='300'><subfield code='a'>208 pages ;</subfield><subfield code='c'>22 cm</subfield></datafield><datafield ind1=' ' ind2=' ' tag='336'><subfield code='a'>text</subfield><subfield code='b'>txt</subfield><subfield code='2'>rdacontent</subfield></datafield><datafield ind1=' ' ind2=' ' tag='337'><subfield code='a'>unmediated</subfield><subfield code='b'>n</subfield><subfield code='2'>rdamedia</subfield></datafield><datafield ind1=' ' ind2=' ' tag='338'><subfield code='a'>volume</subfield><subfield code='b'>nc</subfield><subfield code='2'>rdacarrier</subfield></datafield><datafield ind1=' ' ind2=' ' tag='504'><subfield code='a'>Includes bibliographical references (pages 181-192).</subfield></datafield><datafield ind1='0' ind2=' ' tag='505'><subfield code='a'>Introduction -- School or the streets? : the M.F.A. versus the world debate -- Reading, revising and performing -- Memorization -- Research -- Writing reviews and criticism -- Translating other poets -- Hosting a radio show and running a poetry reading series -- Running a small press -- Mixing mediums -- Collaborating -- Engage with the world -- Free-range writers -- A way of life : toward the impossibility of summation -- The appendices or some things I have learned (or overheard) along the way. Appendix A: Revisions ; Appendix B: Memorization techniques ; Appendix C: Incorporating research and creative non-fiction techniques into poems ; Appendix D: Writing and placing a book review in Canadian literary journals ; Appendix E: Techniques for translating other poets ; Appendix F: How to host a radio show ; Appendix G: Running a poetry reading series ; Appendix H: How to start an online zine and how to make and sell old-fashioned chapbooks ; Appendix I: Tips on making multimedia creations ; Appendix J: Collaborative ideas ; Appendix K: My travel tips for poets -- List of personal interviews.</subfield></datafield><datafield ind1=' ' ind2=' ' tag='520'><subfield code='a'>It might be counterintuitive, but Catherine Owen believes being a writer involves much more than writing. In this provocative book she examines the moving parts of the literary community and explains what makes it tick. Starting with reading, which Owen believes is a fundamental part of being a writer, she considers activities such as reviewing, translating, hosting radio shows and even running small presses. With over sixty interviews as well as her own experiences to draw on, Owen sketches a compelling picture of what a literary life can be.--Publisher description.</subfield></datafield><datafield ind1=' ' ind2='0' tag='650'><subfield code='a'>Authorship</subfield></datafield><datafield ind1=' ' ind2='0' tag='650'><subfield code='a'>Criticism</subfield><subfield code='z'>Canada.</subfield></datafield><datafield ind1=' ' ind2='7' tag='650'><subfield code='a'>Authorship</subfield><subfield code='2'>fast</subfield><subfield code='0'>(OCoLC)fst00822442</subfield></datafield><datafield ind1=' ' ind2='2' tag='650'><subfield code='a'>Authorship</subfield></datafield><datafield ind1='1' ind2=' ' tag='583'><subfield code='a'>committed to retain</subfield><subfield code='c'>20181001</subfield><subfield code='d'>in perpetuity</subfield><subfield code='f'>ReCAP Shared Collection</subfield><subfield code='5'>HUL</subfield><subfield code='8'>222177280820003941</subfield></datafield><datafield ind1='0' ind2=' ' tag='852'><subfield code='c'>HD</subfield><subfield code='h'>PN145</subfield><subfield code='i'>.O94 2015</subfield><subfield code='0'>12747115</subfield><subfield code='b'>scsbhl</subfield></datafield><datafield ind1=' ' ind2=' ' tag='876'><subfield code='0'>12747115</subfield><subfield code='a'>18535812</subfield><subfield code='h'> </subfield><subfield code='j'>Available</subfield><subfield code='k'>WID</subfield><subfield code='p'>32044134294594</subfield><subfield code='x'>Shared</subfield><subfield code='z'>HW</subfield><subfield code='l'>HD</subfield></datafield></record>