
<record><leader>00000cam a2200361 a 4500</leader><controlfield tag='001'>SCSB-12208719</controlfield><controlfield tag='005'>20100407141336.0</controlfield><controlfield tag='008'>090803s2010    iau          s001 0 eng  </controlfield><controlfield tag='009'>990122551370203941</controlfield><datafield ind1=' ' ind2=' ' tag='010'><subfield code='a'>^^2009031225</subfield></datafield><datafield ind1=' ' ind2=' ' tag='020'><subfield code='a'>9781587298714 (pbk. : alk. paper)</subfield></datafield><datafield ind1=' ' ind2=' ' tag='020'><subfield code='a'>1587298716 (pbk. : alk. paper)</subfield></datafield><datafield ind1=' ' ind2=' ' tag='035'><subfield code='a'>(OCoLC)429227843</subfield></datafield><datafield ind1=' ' ind2=' ' tag='040'><subfield code='a'>DLC</subfield><subfield code='c'>DLC</subfield><subfield code='d'>YDX</subfield><subfield code='d'>BWX</subfield><subfield code='d'>CDX</subfield><subfield code='d'>YDXCP</subfield></datafield><datafield ind1=' ' ind2=' ' tag='043'><subfield code='a'>n-us---</subfield></datafield><datafield ind1='0' ind2='0' tag='050'><subfield code='a'>PS595.O23</subfield><subfield code='b'>S73 2010</subfield></datafield><datafield ind1='0' ind2='0' tag='082'><subfield code='a'>811/.608035873932</subfield><subfield code='2'>22</subfield></datafield><datafield ind1='0' ind2='0' tag='245'><subfield code='a'>Starting today :</subfield><subfield code='b'>100 poems for Obama&apos;s first 100 days /</subfield><subfield code='c'>edited by Rachel Zucker &amp; Arielle Greenberg.</subfield></datafield><datafield ind1=' ' ind2=' ' tag='260'><subfield code='a'>Iowa City :</subfield><subfield code='b'>University of Iowa Press,</subfield><subfield code='c'>c2010.</subfield></datafield><datafield ind1=' ' ind2=' ' tag='300'><subfield code='a'>xv, 192 p. ;</subfield><subfield code='c'>23 cm.</subfield></datafield><datafield ind1=' ' ind2=' ' tag='504'><subfield code='a'>Includes index.</subfield></datafield><datafield ind1='0' ind2=' ' tag='505'><subfield code='a'>Day 1. Praise song for the day / Elizabeth Alexander -- Day 2. Poem / Matthew Rohrer -- Day 3. His springboard resolve / Martha Silano -- Day 4. Overwinter / Aimee Nezhukumatathil -- Day 5. Imagine all the people / Fanny Howe -- Day 6. Missing metaphor for time / Yvette Thomas -- Day 7. Man, roll the window down! / Patricia Smith -- Day 8. Michelle&apos;s citrine dress / Lyn Lifshin -- Day 9. Wintry weather and job slaughter / Sasha Steensen -- Day 10. New time old time / John Paul O&apos;Connor -- Day 11. Prayer for a President / Lesléa Newman -- Day 12. The most famous man in the world / Rebecca Wolff -- Day 13. Sad news / Matthew Zapruder -- Day 14. Praise for the inaugural poet, January 2009 / Cornelius Eady -- Day 15. Do-over like sky / Caroline Klocksiem -- Day 16. Dear Mr. President, I thought you should know / Rachel Zucker -- Day 17. Last migration, a dead, common yellow / BJ Soloy -- Day 18. Taking cover under the sun / Cole Swensen -- Day 19. The greatest public works program / Laurel Snyder -- Day 20. Song of the bad bank / Cate Marvin -- Day 21. Occasionally, I write a poem / Michael Dumanis -- Day 22. A general theory of interest &amp; money or getting the country out of bed / Major Jackson -- Day 23. H. Res. 23-1 : proposing the ban of push-up bras, etc. / Erin Belieu -- Day 24. When the real American / Craig Morgan Teicher -- Day 25. February 12 / David Lehman</subfield></datafield><datafield ind1='0' ind2=' ' tag='505'><subfield code='a'>Day 26. Hoi polloi / Nin Andrews -- Day 27. Nonromantic Obama valentine for America, February 14, 2009 / Diand Wald -- Day 28. At the Save the World breakfast / Lisa Samuels -- Day 29. Citizen strophes (Oakland) / Brian Teare -- Day 30. I think you are a good manager / Katy Lederer -- Day 31. Poem for Comrade Duch / Joyelle McSweeney -- Day 32. Skulls ae so last year / Mark Doty -- Day 33. What people say ./ Elizabeth Scanlon -- Day 34. You are no messiah / Katie Ford -- Day 35. A small gesture of gratitude / Mark Bibbins -- Day 36. System error / Lindsey Wallace -- Day 37. Air and simple things / Todd Fredson -- Day 38. Ehhhbb, ooo, oommmoo, eeeoooooooooo / Geraldine Kim -- Day 39. Behind the barracks, after the war / Kevin Prufer -- Day 40. In some places they held picnics / David Roderick -- Day 41. Poem for Barack Obama / Joshua Marie Wilkinson -- Day 42. My calamine lotion / John Beer -- Day 43. Welcome to hard times / Ian Harris -- Day 44. Girl at the river / Nicole Cooley -- Day 45. Slinky dirt with development hat / Erika Meitner -- Day 46. Conservative love in the age of Obama / Allison Joseph -- Day 47. Harvest / Linda Buckmaster -- Day 48. In Oxford, Mississippi / Ann Fisher-Wirth -- Day 49. The water in which one drowns is always an ocean / Jeff Encke -- Day 50. Shadow for Obama / Anne Waldman</subfield></datafield><datafield ind1='0' ind2=' ' tag='505'><subfield code='a'>Day 51. The book of the dead man (day 51)) / Marvin Bell -- Day 52. Oh / Catherine Wagner -- Day 53. Imperfect plenty / Leah Souffrant -- Day 54. What the fates allow / Patricia Spears Jones -- Day 55. Random search / Kazim Ali -- Day 56. Sick poem / Wayne Koestenbaum -- Day 57. Racial parable with no Black people / Sally Ball -- Day 58. Hey, Obama / Carmen Giménez Smith -- Day 59. Song / Patrick Culliton -- Day 60. Small parable for the sixtieth day / Catherine Barnett -- Day 61. Audacious : an acrostic / Amy Lemmon -- Day 62. Whose mission it is only to pray / Arielle Greenberg -- Day 63. Parable of the lucky man / Mendi Lewis Obadike -- Day 64. A ghazal for hope / Jenny Factor -- Day 65. Void and compensation (Wizards and Bulls) / Michael Morse -- Day 66. Against one another like glass / Sarah Vap -- Day 67. Citizen / Brenda Shaughnessy -- Day 68. Daisies / Laura Mullen -- Day 69. The I love you bridge / Elizabeth Hughey -- Day 70. &quot;The farmers have won. Not us&quot; / A. Van Jordan -- Day 71. Salmagundi algorithm / Dara Wier -- Day 72. I picked up that strange light again / Tony Trigilio -- Day 73. Onto the world stage / Mónica de la Torre -- Day 74. What he said / Michele Battiste -- Day 75. Song of the G-20 gone / Susan Wheeler</subfield></datafield><datafield ind1='0' ind2=' ' tag='505'><subfield code='a'>Day 76. To listen to lead to / Martha Collins -- Day 77. &quot;Not a panacea but a critical step&quot; / Betsy Fagin -- Day 78. Rite (to forge armor for an orphan) / Jeanne Marie Beaumont -- Day 79. Thinking my way out of a paper bag / Patricia Carlin -- Day 80. Today / Chris Green -- Day 81. Elevator or poem written the day after not showing up for a reading at an embassy official&apos;s house / Sean Thomas Dougherty -- Day 82. Dear Steve / Craig Arnold -- Day 83. Some kind of secret fruit / Kathrine Varnes -- Day 84. The first Easter, 2009 / cin salach -- who is speaking : nominal substances : who listening : anchor, bluster, filter : to whom listen : flattering machinations fluster the skies : substances : from the skies: operations fall : to be purchased : inked into existence : information conveyed, trucked, stowed, migrated : on the verge of / Jen Hofer -- Day 86. I didn&apos;t buy it / Becca Klaver -- Day 87. There are many theories about what happened / John Gallaher -- Day 88. Letter to a former presidential candidate / Susan Briante -- Day 89. Varieties of religious experience / Paul Killebrew -- Day 90. When I heard the learn&apos;d spokesmen / Joshua Corey -- Day 91. Oracular / Jason Schneiderman -- Day 92. How poetry saved America / Joy Katz -- Day 93. Endangerment finding / Robin Beth Schaer -- Day 95. Obama ps(alm) / Laynie Browne -- Day 95. Freehand / Sean Cole -- Day 96. Stalked by a prisoner of Texas / Prageeta Sharma -- Day 97. Market storm / Pimone Triplett -- Day 98. Guilt armada / Brenda Hillman -- Day 99. 24 hour Roman reconstruction project / Jenny Browne -- Day 1000. First grade, all over again / Thomas Sayers Ellis.</subfield></datafield><datafield ind1=' ' ind2=' ' tag='520'><subfield code='a'>The poems in this anthology document the political and personal events of the president&apos;s crucial first days through a variety of contemporary poetic voices.</subfield></datafield><datafield ind1='1' ind2='0' tag='600'><subfield code='a'>Obama, Barack</subfield><subfield code='v'>Poetry.</subfield></datafield><datafield ind1=' ' ind2='0' tag='650'><subfield code='a'>Presidents</subfield><subfield code='z'>United States</subfield><subfield code='v'>Poetry.</subfield></datafield><datafield ind1=' ' ind2='0' tag='651'><subfield code='a'>United States</subfield><subfield code='x'>Politics and government</subfield><subfield code='y'>2009-2017</subfield><subfield code='v'>Poetry.</subfield></datafield><datafield ind1=' ' ind2='0' tag='650'><subfield code='a'>Political poetry, American</subfield></datafield><datafield ind1=' ' ind2='0' tag='655'><subfield code='a'>Political poetry</subfield></datafield><datafield ind1=' ' ind2='7' tag='655'><subfield code='a'>Poetry</subfield><subfield code='2'>fast</subfield></datafield><datafield ind1=' ' ind2='7' tag='655'><subfield code='a'>Political poetry</subfield><subfield code='2'>fast</subfield></datafield><datafield ind1=' ' ind2='7' tag='655'><subfield code='a'>Political poetry</subfield><subfield code='2'>lcgft</subfield></datafield><datafield ind1=' ' ind2='7' tag='655'><subfield code='a'>Political poetry.</subfield><subfield code='2'>fast</subfield><subfield code='0'>(OCoLC)fst01941332</subfield></datafield><datafield ind1=' ' ind2='7' tag='655'><subfield code='a'>Poetry.</subfield><subfield code='2'>fast</subfield><subfield code='0'>(OCoLC)fst01423828</subfield></datafield><datafield ind1=' ' ind2='7' tag='648'><subfield code='a'>2009-2017</subfield><subfield code='2'>fast</subfield></datafield><datafield ind1='1' ind2=' ' tag='700'><subfield code='a'>Zucker, Rachel</subfield></datafield><datafield ind1='1' ind2=' ' tag='700'><subfield code='a'>Greenberg, Arielle</subfield></datafield><datafield ind1='1' ind2=' ' tag='583'><subfield code='a'>committed to retain</subfield><subfield code='c'>20181001</subfield><subfield code='d'>in perpetuity</subfield><subfield code='f'>ReCAP Shared Collection</subfield><subfield code='5'>HUL</subfield><subfield code='8'>222131362400003941</subfield></datafield><datafield ind1='0' ind2=' ' tag='852'><subfield code='c'>HD</subfield><subfield code='h'>PS595.O23</subfield><subfield code='i'>S73 2010</subfield><subfield code='0'>13040187</subfield><subfield code='b'>scsbhl</subfield></datafield><datafield ind1=' ' ind2=' ' tag='876'><subfield code='0'>13040187</subfield><subfield code='a'>18840058</subfield><subfield code='h'> </subfield><subfield code='j'>Available</subfield><subfield code='k'>WID</subfield><subfield code='p'>32044112850193</subfield><subfield code='x'>Shared</subfield><subfield code='z'>HW</subfield><subfield code='l'>HD</subfield></datafield></record>