
<record><leader>05491cam a2200481 i 4500</leader><controlfield tag='001'>SCSB-14812610</controlfield><controlfield tag='003'>NNC</controlfield><controlfield tag='005'>20240627005849.0</controlfield><controlfield tag='008'>240322t20242023gw ac         000 0 eng d</controlfield><controlfield tag='009'>18338336</controlfield><datafield ind1=' ' ind2=' ' tag='020'><subfield code='a'>9789464363579</subfield><subfield code='q'>(paperback)</subfield></datafield><datafield ind1=' ' ind2=' ' tag='020'><subfield code='a'>9464363576</subfield><subfield code='q'>(paperback)</subfield></datafield><datafield ind1=' ' ind2=' ' tag='035'><subfield code='a'>(OCoLC)on1429886104</subfield></datafield><datafield ind1=' ' ind2=' ' tag='035'><subfield code='a'>(OCoLC)1429886104</subfield></datafield><datafield ind1=' ' ind2=' ' tag='035'><subfield code='a'>18338336</subfield></datafield><datafield ind1=' ' ind2=' ' tag='040'><subfield code='a'>EUW</subfield><subfield code='b'>eng</subfield><subfield code='e'>rda</subfield><subfield code='c'>EUW</subfield><subfield code='d'>OCLCQ</subfield><subfield code='d'>OCLCO</subfield><subfield code='d'>NNC</subfield></datafield><datafield ind1=' ' ind2=' ' tag='049'><subfield code='a'>ZCUA</subfield></datafield><datafield ind1=' ' ind2='4' tag='050'><subfield code='a'>TR681.W6</subfield><subfield code='b'>L574 2024</subfield></datafield><datafield ind1='1' ind2=' ' tag='100'><subfield code='a'>Liou, Yolanda Y.,</subfield><subfield code='e'>artist.</subfield><subfield code='4'>http://id.loc.gov/vocabulary/relators/art</subfield></datafield><datafield ind1='1' ind2='0' tag='245'><subfield code='a'>Thank you for playing with me /</subfield><subfield code='c'>photographed by Yolanda Y. Liou ; in collaboration with Enam Ewura Adjoa Asiama &amp; Vanessa Russell.</subfield></datafield><datafield ind1='3' ind2=' ' tag='246'><subfield code='a'>Yolanda Y. Liou :</subfield><subfield code='b'>thank you for playing with me</subfield></datafield><datafield ind1=' ' ind2=' ' tag='250'><subfield code='a'>First edition.</subfield></datafield><datafield ind1=' ' ind2='1' tag='264'><subfield code='a'>[Berlin] :</subfield><subfield code='b'>Stockmans Art Books,</subfield><subfield code='c'>2024.</subfield></datafield><datafield ind1=' ' ind2='4' tag='264'><subfield code='c'>©2023</subfield></datafield><datafield ind1=' ' ind2=' ' tag='300'><subfield code='a'>128 unnumbered pages :</subfield><subfield code='b'>color illustrations, portraits ;</subfield><subfield code='c'>29 cm +</subfield><subfield code='e'>1 poster wrapper + 1 numbered print + 2 postcards</subfield></datafield><datafield ind1=' ' ind2=' ' tag='336'><subfield code='a'>text</subfield><subfield code='b'>txt</subfield><subfield code='2'>rdacontent</subfield></datafield><datafield ind1=' ' ind2=' ' tag='337'><subfield code='a'>unmediated</subfield><subfield code='b'>n</subfield><subfield code='2'>rdamedia</subfield></datafield><datafield ind1=' ' ind2=' ' tag='338'><subfield code='a'>volume</subfield><subfield code='b'>nc</subfield><subfield code='2'>rdacarrier</subfield></datafield><datafield ind1=' ' ind2=' ' tag='500'><subfield code='a'>This book comes with a large poster used as a wrapper for the book, two postcards and one print, numbered 7/50.</subfield></datafield><datafield ind1=' ' ind2=' ' tag='500'><subfield code='a'>&quot;I do not want anybody to feel the way I felt. Growing up in Taiwan, the pressure to conform to a standard beauty in Asia was relentless and it took a toll on me physically and mentally. I was trying to be more like the perfect people I saw in the media, so that I could feel more worthy of love. When I started to make photographs, I became obsessed with capturing beautiful people - in a society&apos;s conventional ideal way. Later on, I realised I was compensating for my own struggle with a low self-esteem and began to question the underlying motivations, the origins of my perception of beauty and to reflect on my intention as a photographer. In 2019, I came across Enam&apos;s Instagram profile and was enchanted by her charisma. I didn&apos;t recognise her confidence at the time - being comfortable in your own skin. Then it suddenly clicked - I am a photographer. I create images. Images don&apos;t create me. I wanted to do something. I wanted to show there is more. I wanted to make people feel good about themselves. I proposed to Enam to do a photoshoot and she invited her best friend Vanessa to join. I asked them to authentically express themselves. Throughout the day, we shot from outdoors to indoors, experimenting with our own various styles and props. When it was a wrap, I was overwhelmed with joy and warmth, like I had spent the day playing with my sisters. I expressed my gratitude by saying, &quot;Thank you for playing with me!&quot; We collaborated over the next three years, going on a journey of transformation personally and collectively and finding our own foot in the world with career changes and moving cities, grieving lost ones and celebrating new life - sisterhood, womanhood and motherhood. Enam and Vanessa&apos;s unwavering courage in overcoming life&apos;s obstacles constantly inspires me and our connection and mutual support have been essential in creating this photo book. It aches my heart every time I hear someone loathing themselves for how they look. I want to give them a hug and tell them &quot;you&apos;re beautiful!&quot;, like how I wish I could have held my younger self, who experienced self-hatred due to a lack of awareness about self-worth and alternative options. The struggle for self-acceptance proves to be a global phenomenon, fuelled by the pervasive influence of mainstream and social media. Over recent years, I&apos;ve observed gradual changes in the industry, even though trends play a part. But change has to begin somewhere. I&apos;m grateful to be able to tell stories in a way that I wish I had been shown by the world. It&apos;s a call for all of us to play, to be human, and to celebrate the unique beauty that resides within each of us. Our relationship with our body is a life-long journey. It is a constant reflection, dialogue and understanding with ourselves. We all need more compassion, not only towards each other but also towards ourselves. We have autonomy over our appearance but it&apos;s crucial to consider our true intentions. When we love ourselves, we make the best choices that align with our worth because we know we deserve the best. Thank you for playing with us.&quot;--Artist&apos;s statement from page [1].</subfield></datafield><datafield ind1=' ' ind2=' ' tag='520'><subfield code='a'>&quot;Taiwan-born, London based photographer Yolanda Y. Liou&apos;s photobook &apos;Thank You For Playing With Me&apos; collaborates with Enam Ewura Adjoa Asiama and Vanessa Russell over the course of three years, photographically playing together.&quot;--From publisher&apos;s website.</subfield></datafield><datafield ind1=' ' ind2='0' tag='650'><subfield code='a'>Beauty culture</subfield><subfield code='v'>Photographs.</subfield></datafield><datafield ind1=' ' ind2='0' tag='650'><subfield code='a'>Photography of women.</subfield><subfield code='0'>http://id.loc.gov/authorities/subjects/sh85101371</subfield></datafield><datafield ind1=' ' ind2='0' tag='650'><subfield code='a'>Portrait photography.</subfield><subfield code='0'>http://id.loc.gov/authorities/subjects/sh85101240</subfield></datafield><datafield ind1=' ' ind2='0' tag='650'><subfield code='a'>Body image</subfield><subfield code='v'>Photographs.</subfield></datafield><datafield ind1=' ' ind2='6' tag='650'><subfield code='a'>Photographie de femmes.</subfield><subfield code='0'>(CaQQLa)201-0006655</subfield></datafield><datafield ind1=' ' ind2='6' tag='650'><subfield code='a'>Portraits (Photographie)</subfield><subfield code='0'>(CaQQLa)201-0030608</subfield></datafield><datafield ind1=' ' ind2='6' tag='650'><subfield code='a'>Image du corps</subfield><subfield code='0'>(CaQQLa)201-0348052</subfield><subfield code='v'>Photographies.</subfield><subfield code='0'>(CaQQLa)201-0378097</subfield></datafield><datafield ind1='1' ind2=' ' tag='700'><subfield code='a'>Asiama, Enam Ewura Adjoa ,</subfield><subfield code='e'>contributor.</subfield><subfield code='4'>http://id.loc.gov/vocabulary/relators/ctb</subfield></datafield><datafield ind1='1' ind2=' ' tag='700'><subfield code='a'>Russell, Vanessa,</subfield><subfield code='e'>contributor.</subfield><subfield code='4'>http://id.loc.gov/vocabulary/relators/ctb</subfield><subfield code='0'>http://id.loc.gov/authorities/names/nb2022008579</subfield></datafield><datafield ind1=' ' ind2=' ' tag='901'><subfield code='a'>99b84f18-7951-4136-8230-606ec3796f27</subfield><subfield code='b'>25</subfield><subfield code='c'>false</subfield></datafield><datafield ind1='0' ind2='0' tag='852'><subfield code='h'>TR681.W6 L574 2024g</subfield><subfield code='0'>15830430</subfield><subfield code='b'>scsbcul</subfield></datafield><datafield ind1=' ' ind2=' ' tag='876'><subfield code='0'>15830430</subfield><subfield code='a'>22486699</subfield><subfield code='h'>In Library Use</subfield><subfield code='j'>Available</subfield><subfield code='p'>AR03316491</subfield><subfield code='t'>1</subfield><subfield code='x'>Shared</subfield><subfield code='z'>AR</subfield><subfield code='l'>RECAP</subfield></datafield></record>