
<record><leader>00841nam a22002535a 4500</leader><controlfield tag='001'>SCSB-11853166</controlfield><controlfield tag='005'>20260227154514.0</controlfield><controlfield tag='008'>140117s2013    it a          000 0 ita d</controlfield><controlfield tag='009'>990139231950203941</controlfield><datafield ind1=' ' ind2=' ' tag='020'><subfield code='a'>9788865431535 :</subfield><subfield code='c'>16.00 EUR</subfield></datafield><datafield ind1=' ' ind2=' ' tag='035'><subfield code='a'>(OCoLC)868575641</subfield></datafield><datafield ind1=' ' ind2=' ' tag='040'><subfield code='a'>ItFiC</subfield><subfield code='c'>ItFiC</subfield></datafield><datafield ind1=' ' ind2=' ' tag='043'><subfield code='a'>e-it---</subfield></datafield><datafield ind1='0' ind2='0' tag='050'><subfield code='a'>PN6767.C75</subfield><subfield code='b'>D453 2013</subfield></datafield><datafield ind1='1' ind2=' ' tag='100'><subfield code='a'>Crippa, Alex,</subfield><subfield code='d'>1974-</subfield></datafield><datafield ind1='1' ind2='0' tag='245'><subfield code='a'>Dei :</subfield><subfield code='b'>deus ex machina /</subfield><subfield code='c'>Alex Crippa, Emanuele Tenderini.</subfield></datafield><datafield ind1=' ' ind2=' ' tag='260'><subfield code='a'>Milano :</subfield><subfield code='b'>Bao Publishing,</subfield><subfield code='c'>c2013.</subfield></datafield><datafield ind1=' ' ind2=' ' tag='300'><subfield code='a'>121 p. :</subfield><subfield code='b'>chiefly col. ill. ;</subfield><subfield code='c'>28 cm.</subfield></datafield><datafield ind1=' ' ind2='7' tag='655'><subfield code='a'>Graphic novels</subfield><subfield code='2'>lcgft</subfield></datafield><datafield ind1='1' ind2=' ' tag='700'><subfield code='a'>Tenderini, Emanuel.</subfield></datafield><datafield ind1='1' ind2=' ' tag='583'><subfield code='a'>committed to retain</subfield><subfield code='c'>20181001</subfield><subfield code='d'>in perpetuity</subfield><subfield code='f'>ReCAP Shared Collection</subfield><subfield code='5'>HUL</subfield><subfield code='8'>222176148590003941</subfield></datafield><datafield ind1='0' ind2=' ' tag='852'><subfield code='c'>HD</subfield><subfield code='h'>PN6767.C75</subfield><subfield code='i'>D453 2013</subfield><subfield code='0'>12674099</subfield><subfield code='b'>scsbhl</subfield></datafield><datafield ind1=' ' ind2=' ' tag='876'><subfield code='0'>12674099</subfield><subfield code='a'>18460279</subfield><subfield code='h'> </subfield><subfield code='j'>Available</subfield><subfield code='k'>WID</subfield><subfield code='p'>32044131513095</subfield><subfield code='x'>Shared</subfield><subfield code='z'>HW</subfield><subfield code='l'>HD</subfield></datafield></record>