
<record><leader>00815nam a2200253 a 4500</leader><controlfield tag='001'>SCSB-10916010</controlfield><controlfield tag='005'>20260227151735.0</controlfield><controlfield tag='008'>120827s2012    it a          000 0 ita d</controlfield><controlfield tag='009'>990133439430203941</controlfield><datafield ind1=' ' ind2=' ' tag='020'><subfield code='a'>9788865430781 :</subfield><subfield code='c'>16.00 EUR</subfield></datafield><datafield ind1=' ' ind2=' ' tag='035'><subfield code='a'>(OCoLC)807032061</subfield></datafield><datafield ind1=' ' ind2=' ' tag='040'><subfield code='a'>ItFiC</subfield><subfield code='c'>ItFiC</subfield></datafield><datafield ind1=' ' ind2=' ' tag='043'><subfield code='a'>e-it---</subfield></datafield><datafield ind1='0' ind2='0' tag='050'><subfield code='a'>PN6767.C75</subfield><subfield code='b'>D45 2012</subfield></datafield><datafield ind1='1' ind2=' ' tag='100'><subfield code='a'>Crippa, Alex,</subfield><subfield code='d'>1974-</subfield></datafield><datafield ind1='1' ind2='0' tag='245'><subfield code='a'>Dei :</subfield><subfield code='b'>in vino veritas /</subfield><subfield code='c'>Alex Crippa, Emanuele Tenderini.</subfield></datafield><datafield ind1=' ' ind2=' ' tag='260'><subfield code='a'>Milano :</subfield><subfield code='b'>Bao Publishing,</subfield><subfield code='c'>c2012.</subfield></datafield><datafield ind1=' ' ind2=' ' tag='300'><subfield code='a'>126 p. :</subfield><subfield code='b'>chiefly col. ill. ;</subfield><subfield code='c'>28 cm.</subfield></datafield><datafield ind1=' ' ind2='0' tag='650'><subfield code='a'>Gods</subfield><subfield code='v'>Comic books, strips, etc.</subfield></datafield><datafield ind1=' ' ind2='7' tag='655'><subfield code='a'>Graphic novels</subfield><subfield code='2'>lcgft</subfield></datafield><datafield ind1='1' ind2=' ' tag='700'><subfield code='a'>Tenderini, Emanuele.</subfield></datafield><datafield ind1='1' ind2=' ' tag='583'><subfield code='a'>committed to retain</subfield><subfield code='c'>20181001</subfield><subfield code='d'>in perpetuity</subfield><subfield code='f'>ReCAP Shared Collection</subfield><subfield code='5'>HUL</subfield><subfield code='8'>222147373750003941</subfield></datafield><datafield ind1='0' ind2=' ' tag='852'><subfield code='c'>HD</subfield><subfield code='h'>PN6767.C75</subfield><subfield code='i'>D45 2012</subfield><subfield code='0'>11709420</subfield><subfield code='b'>scsbhl</subfield></datafield><datafield ind1=' ' ind2=' ' tag='876'><subfield code='0'>11709420</subfield><subfield code='a'>17458462</subfield><subfield code='h'> </subfield><subfield code='j'>Available</subfield><subfield code='k'>WID</subfield><subfield code='p'>32044127395481</subfield><subfield code='x'>Shared</subfield><subfield code='z'>HW</subfield><subfield code='l'>HD</subfield></datafield></record>