
<record><leader>00757cam a2200253   4500</leader><controlfield tag='001'>SCSB-6761006</controlfield><controlfield tag='005'>19990221095704.9</controlfield><controlfield tag='008'>740205s1970    it            00| 0|ita| </controlfield><controlfield tag='009'>.b101308565</controlfield><datafield ind1=' ' ind2=' ' tag='010'><subfield code='a'>74521711</subfield></datafield><datafield ind1=' ' ind2=' ' tag='040'><subfield code='c'>NN</subfield><subfield code='d'>NN</subfield><subfield code='d'>WaOLN</subfield></datafield><datafield ind1='1' ind2=' ' tag='100'><subfield code='a'>Bononi, Loris Jacopo,</subfield><subfield code='d'>1929-</subfield></datafield><datafield ind1='1' ind2='0' tag='245'><subfield code='a'>Miserere Dei.</subfield></datafield><datafield ind1=' ' ind2=' ' tag='260'><subfield code='a'>Bologna,</subfield><subfield code='b'>Cappelli,</subfield><subfield code='c'>1970.</subfield></datafield><datafield ind1=' ' ind2=' ' tag='300'><subfield code='a'>98 p.</subfield><subfield code='c'>21 cm.</subfield></datafield><datafield ind1=' ' ind2=' ' tag='490'><subfield code='a'>Narratori contemporanei italiani.</subfield></datafield><datafield ind1=' ' ind2=' ' tag='500'><subfield code='a'>At head of title: Loris J. Bononi.</subfield></datafield><datafield ind1=' ' ind2='0' tag='650'><subfield code='a'>Meditations.</subfield></datafield><datafield ind1=' ' ind2=' ' tag='907'><subfield code='a'>.b101308565</subfield><subfield code='c'>m</subfield><subfield code='d'>a</subfield><subfield code='e'>-</subfield><subfield code='f'>ita</subfield><subfield code='g'>it</subfield><subfield code='h'>0</subfield><subfield code='i'>1</subfield></datafield><datafield ind1=' ' ind2=' ' tag='991'><subfield code='y'>1853500</subfield></datafield><datafield ind1=' ' ind2=' ' tag='035'><subfield code='a'>(OCoLC)1853500</subfield></datafield><datafield ind1='8' ind2=' ' tag='852'><subfield code='h'>JXD 73-19</subfield><subfield code='0'>6843253</subfield><subfield code='b'>scsbnypl</subfield></datafield><datafield ind1=' ' ind2=' ' tag='876'><subfield code='0'>6843253</subfield><subfield code='a'>11009376</subfield><subfield code='j'>Available</subfield><subfield code='p'>33433000831986</subfield><subfield code='t'>1</subfield><subfield code='x'>Shared</subfield><subfield code='z'>NA</subfield><subfield code='l'>RECAP</subfield></datafield></record>