
<record><leader>00903ctm a22003011i 4500</leader><controlfield tag='001'>SCSB-4984245</controlfield><controlfield tag='003'>NNC</controlfield><controlfield tag='005'>20221103024834.0</controlfield><controlfield tag='008'>011116s1955    nyu      b        0 lat u</controlfield><controlfield tag='009'>4719302</controlfield><datafield ind1=' ' ind2=' ' tag='035'><subfield code='a'>(OCoLC)505321911</subfield></datafield><datafield ind1=' ' ind2=' ' tag='035'><subfield code='a'>(OCoLC)ocn505321911</subfield></datafield><datafield ind1=' ' ind2=' ' tag='035'><subfield code='9'>mrc04409630</subfield></datafield><datafield ind1=' ' ind2=' ' tag='035'><subfield code='9'>EISI400638</subfield></datafield><datafield ind1=' ' ind2=' ' tag='035'><subfield code='a'>(NNC)4719302</subfield></datafield><datafield ind1=' ' ind2=' ' tag='035'><subfield code='a'>4719302</subfield></datafield><datafield ind1=' ' ind2=' ' tag='040'><subfield code='c'>UPvMLC</subfield></datafield><datafield ind1=' ' ind2=' ' tag='098'><subfield code='a'>TX78.2</subfield><subfield code='b'>N852</subfield></datafield><datafield ind1='1' ind2=' ' tag='100'><subfield code='a'>Noro, Yoshio,</subfield><subfield code='d'>1925-2010.</subfield><subfield code='0'>http://id.loc.gov/authorities/names/n81072419</subfield></datafield><datafield ind1='1' ind2='0' tag='245'><subfield code='a'>Impassibilitas Dei.</subfield></datafield><datafield ind1=' ' ind2=' ' tag='260'><subfield code='a'>[New York],</subfield><subfield code='c'>[1955]</subfield></datafield><datafield ind1=' ' ind2=' ' tag='300'><subfield code='a'>pages ;</subfield><subfield code='c'>cm.</subfield></datafield><datafield ind1=' ' ind2=' ' tag='336'><subfield code='a'>text</subfield><subfield code='b'>txt</subfield><subfield code='2'>rdacontent</subfield></datafield><datafield ind1=' ' ind2=' ' tag='337'><subfield code='a'>unmediated</subfield><subfield code='b'>n</subfield><subfield code='2'>rdamedia</subfield></datafield><datafield ind1=' ' ind2=' ' tag='502'><subfield code='a'>Thesis (Th. D.)--Union Theological Seminary (New York, N.Y.).</subfield></datafield><datafield ind1=' ' ind2=' ' tag='504'><subfield code='a'>Includes bibliographical references.</subfield></datafield><datafield ind1=' ' ind2=' ' tag='500'><subfield code='a'>Typewritten.</subfield></datafield><datafield ind1='2' ind2='0' tag='610'><subfield code='a'>Union Theological Seminary (New York, N.Y.)</subfield><subfield code='v'>Dissertations.</subfield></datafield><datafield ind1='8' ind2='0' tag='852'><subfield code='h'>RQ20 N852</subfield><subfield code='0'>4997313</subfield><subfield code='b'>scsbcul</subfield></datafield><datafield ind1=' ' ind2=' ' tag='876'><subfield code='0'>4997313</subfield><subfield code='a'>7510658</subfield><subfield code='h'> </subfield><subfield code='j'>Available</subfield><subfield code='p'>CU10900810</subfield><subfield code='t'>1</subfield><subfield code='x'>Shared</subfield><subfield code='z'>CU</subfield><subfield code='l'>RECAP</subfield></datafield></record>