
<record><leader>00714cam a2200253   4500</leader><controlfield tag='001'>SCSB-4045586</controlfield><controlfield tag='003'>NNC</controlfield><controlfield tag='005'>20221013020805.0</controlfield><controlfield tag='008'>840809s1929    it a          000 0 ita d</controlfield><controlfield tag='009'>2822842</controlfield><datafield ind1=' ' ind2=' ' tag='035'><subfield code='a'>(OCoLC)ocm11037911</subfield></datafield><datafield ind1=' ' ind2=' ' tag='035'><subfield code='9'>ARU4135CU</subfield></datafield><datafield ind1=' ' ind2=' ' tag='035'><subfield code='a'>2822842</subfield></datafield><datafield ind1=' ' ind2=' ' tag='040'><subfield code='a'>IAY</subfield><subfield code='c'>IAY</subfield><subfield code='d'>ZCU</subfield></datafield><datafield ind1=' ' ind2=' ' tag='043'><subfield code='a'>e-it---</subfield></datafield><datafield ind1=' ' ind2=' ' tag='099'><subfield code='a'>AA</subfield><subfield code='a'>4800</subfield><subfield code='a'>P76</subfield></datafield><datafield ind1='1' ind2=' ' tag='100'><subfield code='a'>Polvara, G.</subfield></datafield><datafield ind1='1' ind2='0' tag='245'><subfield code='a'>Domus Dei.</subfield></datafield><datafield ind1=' ' ind2=' ' tag='260'><subfield code='a'>Milano :</subfield><subfield code='b'>Società editrice amici dell&apos;arte cristiana,</subfield><subfield code='c'>[1929]</subfield></datafield><datafield ind1=' ' ind2=' ' tag='300'><subfield code='a'>248 pages :</subfield><subfield code='b'>illustrations</subfield></datafield><datafield ind1=' ' ind2=' ' tag='336'><subfield code='a'>text</subfield><subfield code='b'>txt</subfield><subfield code='2'>rdacontent</subfield></datafield><datafield ind1=' ' ind2=' ' tag='337'><subfield code='a'>unmediated</subfield><subfield code='b'>n</subfield><subfield code='2'>rdamedia</subfield></datafield><datafield ind1=' ' ind2='0' tag='650'><subfield code='a'>Church architecture</subfield><subfield code='z'>Italy.</subfield><subfield code='0'>http://id.loc.gov/authorities/subjects/sh95004191</subfield></datafield><datafield ind1='8' ind2='0' tag='852'><subfield code='h'>AA4800 P76</subfield><subfield code='0'>4056869</subfield><subfield code='b'>scsbcul</subfield></datafield><datafield ind1=' ' ind2=' ' tag='876'><subfield code='0'>4056869</subfield><subfield code='a'>5883936</subfield><subfield code='h'>In Library Use</subfield><subfield code='j'>Available</subfield><subfield code='p'>AR53686071</subfield><subfield code='t'>1</subfield><subfield code='x'>Shared</subfield><subfield code='z'>AR</subfield><subfield code='l'>RECAP</subfield></datafield></record>