
<record><leader>00493nam a2200181u  4500</leader><controlfield tag='001'>SCSB-10640022</controlfield><controlfield tag='005'>20020606090541.3</controlfield><controlfield tag='008'>880405s1910    nyua          00000 eng d</controlfield><controlfield tag='009'>990014641310203941</controlfield><datafield ind1=' ' ind2=' ' tag='035'><subfield code='a'>(OCoLC)17738885</subfield></datafield><datafield ind1=' ' ind2=' ' tag='040'><subfield code='c'>CRL</subfield></datafield><datafield ind1=' ' ind2='4' tag='050'><subfield code='a'>QE27</subfield><subfield code='b'>.G75</subfield></datafield><datafield ind1='1' ind2=' ' tag='100'><subfield code='a'>Gregory, J. W.</subfield><subfield code='q'>(John Walter),</subfield><subfield code='d'>1864-1932</subfield></datafield><datafield ind1='1' ind2='0' tag='245'><subfield code='a'>Geology.</subfield></datafield><datafield ind1=' ' ind2=' ' tag='260'><subfield code='a'>New York,</subfield><subfield code='b'>Appleton</subfield><subfield code='c'>[1910?]</subfield></datafield><datafield ind1=' ' ind2=' ' tag='300'><subfield code='a'>140 p.</subfield><subfield code='b'>illus.</subfield></datafield><datafield ind1='0' ind2=' ' tag='490'><subfield code='a'>Appleton&apos;s Scientific Primers</subfield></datafield><datafield ind1=' ' ind2='0' tag='650'><subfield code='a'>Geology</subfield></datafield><datafield ind1=' ' ind2='2' tag='650'><subfield code='a'>Geology</subfield></datafield><datafield ind1='0' ind2='8' tag='776'><subfield code='i'>Online version:</subfield><subfield code='a'>Gregory, J.W. (John Walter), 1864-1932.</subfield><subfield code='t'>Geology.</subfield><subfield code='d'>New York, Appleton [1910?]</subfield><subfield code='w'>(OCoLC)610388966</subfield></datafield><datafield ind1='1' ind2=' ' tag='583'><subfield code='a'>committed to retain</subfield><subfield code='c'>20181001</subfield><subfield code='d'>in perpetuity</subfield><subfield code='f'>ReCAP Shared Collection</subfield><subfield code='5'>HUL</subfield><subfield code='8'>221813080640003941</subfield></datafield><datafield ind1='7' ind2=' ' tag='852'><subfield code='2'>ZHCL</subfield><subfield code='c'>HD</subfield><subfield code='h'>KC 13617</subfield><subfield code='0'>11425502</subfield><subfield code='b'>scsbhl</subfield></datafield><datafield ind1=' ' ind2=' ' tag='876'><subfield code='0'>11425502</subfield><subfield code='a'>17163058</subfield><subfield code='h'> </subfield><subfield code='j'>Available</subfield><subfield code='k'>WID</subfield><subfield code='p'>HN3DWA</subfield><subfield code='x'>Shared</subfield><subfield code='z'>HW</subfield><subfield code='l'>HD</subfield></datafield></record>