
<record><leader>00771nam a2200229u  4500</leader><controlfield tag='001'>SCSB-8635250</controlfield><controlfield tag='003'>OCoLC</controlfield><controlfield tag='005'>19980818160826.0</controlfield><controlfield tag='008'>980818s1872    nyua          000 0 eng d</controlfield><controlfield tag='009'>.b137848511</controlfield><datafield ind1=' ' ind2=' ' tag='040'><subfield code='a'>NYP</subfield><subfield code='c'>NYP</subfield></datafield><datafield ind1=' ' ind2=' ' tag='049'><subfield code='a'>NYPS</subfield></datafield><datafield ind1='1' ind2=' ' tag='100'><subfield code='a'>Geikie, Archibald,</subfield><subfield code='d'>1835-1924.</subfield></datafield><datafield ind1='1' ind2='0' tag='245'><subfield code='a'>Geology ...</subfield></datafield><datafield ind1=' ' ind2=' ' tag='260'><subfield code='a'>New York,</subfield><subfield code='b'>American Book Company</subfield><subfield code='c'>[1872?]</subfield></datafield><datafield ind1=' ' ind2=' ' tag='300'><subfield code='a'>vi, 137 p.</subfield><subfield code='b'>illus.</subfield><subfield code='c'>16mo.</subfield></datafield><datafield ind1=' ' ind2='0' tag='440'><subfield code='a'>Science primers</subfield></datafield><datafield ind1=' ' ind2='0' tag='650'><subfield code='a'>Geology.</subfield></datafield><datafield ind1=' ' ind2=' ' tag='907'><subfield code='a'>.b137848511</subfield><subfield code='c'>m</subfield><subfield code='d'>a</subfield><subfield code='e'>-</subfield><subfield code='f'>eng</subfield><subfield code='g'>nyu</subfield><subfield code='h'>0</subfield><subfield code='i'>1</subfield></datafield><datafield ind1=' ' ind2=' ' tag='035'><subfield code='a'>(OCoLC)39711521</subfield></datafield><datafield ind1='8' ind2=' ' tag='852'><subfield code='h'>3-PTD (Geikie, A. Geology. 1872)</subfield><subfield code='0'>8794832</subfield><subfield code='b'>scsbnypl</subfield></datafield><datafield ind1=' ' ind2=' ' tag='876'><subfield code='0'>8794832</subfield><subfield code='a'>14351229</subfield><subfield code='h'>In Library Use</subfield><subfield code='j'>Available</subfield><subfield code='p'>33433066370267</subfield><subfield code='t'>1</subfield><subfield code='x'>Shared</subfield><subfield code='z'>NA</subfield><subfield code='l'>RECAP</subfield></datafield></record>