
<record><leader>00468nam a2200181u  4500</leader><controlfield tag='001'>SCSB-12946008</controlfield><controlfield tag='005'>20020606090541.3</controlfield><controlfield tag='008'>880404n        nyua          00000 eng d</controlfield><controlfield tag='009'>990014640730203941</controlfield><datafield ind1=' ' ind2=' ' tag='035'><subfield code='a'>(OCoLC)17730919</subfield></datafield><datafield ind1=' ' ind2=' ' tag='040'><subfield code='c'>CRL</subfield></datafield><datafield ind1=' ' ind2='4' tag='050'><subfield code='a'>QE26</subfield><subfield code='b'>.G315</subfield></datafield><datafield ind1='1' ind2=' ' tag='100'><subfield code='a'>Geikie, Archibald,</subfield><subfield code='d'>1835-1924</subfield></datafield><datafield ind1='1' ind2='0' tag='245'><subfield code='a'>Geology.</subfield></datafield><datafield ind1='1' ind2=' ' tag='260'><subfield code='a'>New York</subfield><subfield code='c'>[n.d.]</subfield></datafield><datafield ind1=' ' ind2=' ' tag='300'><subfield code='a'>137 p.</subfield><subfield code='b'>illus.</subfield></datafield><datafield ind1='1' ind2=' ' tag='490'><subfield code='a'>Science primers ;</subfield><subfield code='v'>[5]</subfield></datafield><datafield ind1=' ' ind2=' ' tag='520'><subfield code='a'>Explores Energy, How We Use It, Different Types And Forms, Conservation And Transformation Of Energy, Renewable Vs. Non-Renewable Energy, And Energy Conservation. Correlated To Common Core, Texas Treks, Virginia Sols, And Georgia Performance Standards.</subfield></datafield><datafield ind1='1' ind2='0' tag='600'><subfield code='a'>Geology -- Pennsylvania.</subfield></datafield><datafield ind1='0' ind2='8' tag='776'><subfield code='i'>Online version:</subfield><subfield code='a'>Geikie, Archibald, 1835-1924.</subfield><subfield code='t'>Geology.</subfield><subfield code='d'>New York [date of publication not identified]</subfield><subfield code='w'>(OCoLC)1091073558</subfield></datafield><datafield ind1=' ' ind2='0' tag='830'><subfield code='a'>Science primers</subfield><subfield code='v'>[5].</subfield></datafield><datafield ind1='1' ind2=' ' tag='583'><subfield code='a'>committed to retain</subfield><subfield code='c'>20181001</subfield><subfield code='d'>in perpetuity</subfield><subfield code='f'>ReCAP Shared Collection</subfield><subfield code='5'>HUL</subfield><subfield code='8'>222286161430003941</subfield></datafield><datafield ind1='7' ind2=' ' tag='852'><subfield code='2'>ZHCL</subfield><subfield code='c'>RD</subfield><subfield code='h'> KC 2164 </subfield><subfield code='0'>13799511</subfield><subfield code='b'>scsbhl</subfield></datafield><datafield ind1=' ' ind2=' ' tag='876'><subfield code='0'>13799511</subfield><subfield code='a'>19669247</subfield><subfield code='h'> </subfield><subfield code='j'>Available</subfield><subfield code='k'>WID</subfield><subfield code='p'>HN37EB</subfield><subfield code='x'>Shared</subfield><subfield code='z'>HV</subfield><subfield code='l'>RECAP</subfield></datafield></record>