
<record><leader>00891cam a2200277I  4500</leader><controlfield tag='001'>SCSB-8629502</controlfield><controlfield tag='003'>OCoLC</controlfield><controlfield tag='005'>20001116191358.5</controlfield><controlfield tag='008'>720505s1960    nyua     b    000 0 eng  </controlfield><controlfield tag='009'>.b137766804</controlfield><datafield ind1=' ' ind2=' ' tag='010'><subfield code='a'>60015297 /L</subfield></datafield><datafield ind1=' ' ind2=' ' tag='040'><subfield code='a'>DLC</subfield><subfield code='c'>DAY</subfield><subfield code='d'>OCL</subfield><subfield code='d'>NYP</subfield><subfield code='d'>WaOLN</subfield></datafield><datafield ind1=' ' ind2=' ' tag='049'><subfield code='a'>NYPS</subfield></datafield><datafield ind1=' ' ind2='0' tag='050'><subfield code='a'>QE41</subfield><subfield code='b'>.P4</subfield></datafield><datafield ind1='0' ind2='0' tag='082'><subfield code='a'>550.2</subfield></datafield><datafield ind1='1' ind2=' ' tag='100'><subfield code='a'>Pearl, Richard M.</subfield><subfield code='q'>(Richard Maxwell),</subfield><subfield code='d'>1913-1980</subfield></datafield><datafield ind1='0' ind2='0' tag='245'><subfield code='a'>Geology.</subfield></datafield><datafield ind1=' ' ind2=' ' tag='260'><subfield code='a'>New York,</subfield><subfield code='b'>Barnes &amp; Noble</subfield><subfield code='c'>[1960]</subfield></datafield><datafield ind1=' ' ind2=' ' tag='300'><subfield code='a'>260 p.</subfield><subfield code='b'>illus.</subfield><subfield code='c'>21 cm.</subfield></datafield><datafield ind1=' ' ind2='0' tag='440'><subfield code='a'>College outline series,</subfield><subfield code='v'>no. 13</subfield></datafield><datafield ind1=' ' ind2=' ' tag='504'><subfield code='a'>Includes bibliography.</subfield></datafield><datafield ind1=' ' ind2='0' tag='650'><subfield code='a'>Geology</subfield><subfield code='x'>Study and teaching</subfield><subfield code='v'>Outlines, syllabi, etc.</subfield></datafield><datafield ind1=' ' ind2=' ' tag='907'><subfield code='a'>.b137766804</subfield><subfield code='c'>m</subfield><subfield code='d'>a</subfield><subfield code='e'>-</subfield><subfield code='f'>eng</subfield><subfield code='g'>nyu</subfield><subfield code='h'>0</subfield><subfield code='i'>2</subfield></datafield><datafield ind1=' ' ind2=' ' tag='035'><subfield code='a'>(OCoLC)301926</subfield></datafield><datafield ind1='8' ind2=' ' tag='852'><subfield code='h'>PTD (Pearl, R. M. Geology)</subfield><subfield code='0'>8788973</subfield><subfield code='b'>scsbnypl</subfield></datafield><datafield ind1=' ' ind2=' ' tag='876'><subfield code='0'>8788973</subfield><subfield code='a'>14344510</subfield><subfield code='j'>Available</subfield><subfield code='p'>33433094726308</subfield><subfield code='t'>1</subfield><subfield code='x'>Shared</subfield><subfield code='z'>NA</subfield><subfield code='l'>RECAP</subfield></datafield></record>