
<record><leader>00808cam a22002651  4500</leader><controlfield tag='001'>SCSB-3637897</controlfield><controlfield tag='003'>NNC</controlfield><controlfield tag='005'>20220615234649.0</controlfield><controlfield tag='008'>981120r19469999be f          000 0 eng d</controlfield><controlfield tag='009'>2228359</controlfield><datafield ind1=' ' ind2=' ' tag='035'><subfield code='a'>(OCoLC)ocm40353431</subfield></datafield><datafield ind1=' ' ind2=' ' tag='035'><subfield code='9'>ANV7463CU</subfield></datafield><datafield ind1=' ' ind2=' ' tag='035'><subfield code='a'>2228359</subfield></datafield><datafield ind1=' ' ind2=' ' tag='040'><subfield code='a'>ZCU</subfield><subfield code='c'>ZCU</subfield></datafield><datafield ind1=' ' ind2=' ' tag='099'><subfield code='a'>550</subfield><subfield code='a'>AH116</subfield></datafield><datafield ind1='1' ind2=' ' tag='100'><subfield code='a'>Hacquaert, Armand.</subfield></datafield><datafield ind1='1' ind2='0' tag='245'><subfield code='a'>Geology.</subfield></datafield><datafield ind1=' ' ind2=' ' tag='260'><subfield code='a'>Ghent :</subfield><subfield code='b'>Natuurwetenschappelijk tijdschrift,</subfield><subfield code='c'>1946.</subfield></datafield><datafield ind1=' ' ind2=' ' tag='300'><subfield code='a'>105-163 pages :</subfield><subfield code='b'>plate.</subfield></datafield><datafield ind1=' ' ind2=' ' tag='336'><subfield code='a'>text</subfield><subfield code='b'>txt</subfield><subfield code='2'>rdacontent</subfield></datafield><datafield ind1=' ' ind2=' ' tag='337'><subfield code='a'>unmediated</subfield><subfield code='b'>n</subfield><subfield code='2'>rdamedia</subfield></datafield><datafield ind1=' ' ind2=' ' tag='500'><subfield code='a'>Cover-title.</subfield></datafield><datafield ind1=' ' ind2=' ' tag='500'><subfield code='a'>&quot;A full survey of the publications on geology and mineralogy issued in Belgium during the war-period 1939-1944.&quot;</subfield></datafield><datafield ind1=' ' ind2=' ' tag='500'><subfield code='a'>Reprinted from Natural sciences in Belgium during the war.</subfield></datafield><datafield ind1='8' ind2='0' tag='852'><subfield code='h'>550 AH116</subfield><subfield code='0'>3642327</subfield><subfield code='b'>scsbcul</subfield></datafield><datafield ind1=' ' ind2=' ' tag='876'><subfield code='0'>3642327</subfield><subfield code='a'>5414483</subfield><subfield code='h'> </subfield><subfield code='j'>Available</subfield><subfield code='p'>CU61236594</subfield><subfield code='t'>1</subfield><subfield code='x'>Shared</subfield><subfield code='z'>CU</subfield><subfield code='l'>RECAP</subfield></datafield></record>