
<record><leader>05939cam a2200385 a 4500</leader><controlfield tag='001'>SCSB-9976862</controlfield><controlfield tag='005'>20020606163548.3</controlfield><controlfield tag='008'>950404s1995    pau      b    001 0 eng  </controlfield><controlfield tag='009'>990054342310203941</controlfield><datafield ind1=' ' ind2=' ' tag='010'><subfield code='a'>^^^95016203^//r95</subfield></datafield><datafield ind1=' ' ind2=' ' tag='020'><subfield code='a'>1566393477 (alk. paper)</subfield></datafield><datafield ind1=' ' ind2=' ' tag='020'><subfield code='a'>1566393485 (pbk.)</subfield></datafield><datafield ind1=' ' ind2=' ' tag='035'><subfield code='a'>(OCoLC)32392541</subfield><subfield code='z'>(OCoLC)1166982609</subfield><subfield code='z'>(OCoLC)1201979384</subfield><subfield code='z'>(OCoLC)1421264916</subfield></datafield><datafield ind1=' ' ind2=' ' tag='040'><subfield code='a'>DLC</subfield><subfield code='c'>DLC</subfield><subfield code='d'>DLC</subfield></datafield><datafield ind1=' ' ind2=' ' tag='043'><subfield code='a'>n-us---</subfield></datafield><datafield ind1='0' ind2='0' tag='050'><subfield code='a'>KF4755</subfield><subfield code='b'>.C75 1995</subfield></datafield><datafield ind1='0' ind2='0' tag='082'><subfield code='a'>305.8</subfield><subfield code='2'>20</subfield></datafield><datafield ind1='0' ind2='0' tag='245'><subfield code='a'>Critical race theory :</subfield><subfield code='b'>the cutting edge /</subfield><subfield code='c'>edited by Richard Delgado.</subfield></datafield><datafield ind1=' ' ind2=' ' tag='260'><subfield code='a'>Philadelphia :</subfield><subfield code='b'>Temple University Press,</subfield><subfield code='c'>1995.</subfield></datafield><datafield ind1=' ' ind2=' ' tag='300'><subfield code='a'>xvi, 592 p. ;</subfield><subfield code='c'>27 cm.</subfield></datafield><datafield ind1=' ' ind2=' ' tag='504'><subfield code='a'>Includes bibliographical references and index.</subfield></datafield><datafield ind1='0' ind2=' ' tag='505'><subfield code='a'>Racial realism-after we&apos;re gone : prudent speculations on America in a post-racial epoch / Derrick Bell -- The chronicles, my grandfather&apos;s stories, and immigration law : the slave traders chronicle as racial history / Michael A. Olivas -- Pure politics / Girardeau A. Spann -- The Richmond narratives / Thomas Ross -- Translating Yonnondio by precedent and evidence : the Mashpee Indian case / Gerald Torres, Kathryn Milun -- Race and the dominant gaze : narratives of law and inequality in popular film / Margaret M. Russell -- Legal storytelling : storytelling for oppositionists and others : a plea for narrative / Richard Delgado -- Property rights in whiteness-their legal legacy, their economic costs / Derrick Bell -- Alchemical notes : reconstructing ideals from deconstructed rights / Patricia J. Williams --</subfield></datafield><datafield ind1='0' ind2=' ' tag='505'><subfield code='a'>(cont.) Documents of barbarism : the contemporary legacy of European racism and colonialism in the narrative traditions of federal Indian law / Robert A. Williams, Jr. -- Desegregation as a cold war imperative / Mary L. Dudziak -- Did the first justice Harlan have a black Brother? / James W. Gordon -- The second amendment : toward an Afro-Americanist reconsideration / Robert J. Cottrol, Raymond T. Diamond -- Words that wound : a tort action for racial insults, epithets, and name-calling / Richard Delgado -- Law as microaggression / Peggy C. Davis -- Black innocence and the white jury / Sheri Lynn Johnson -- The social construction of race / Ian F. Haney López -- Why do we tell the same stories : law reform, critical librarianship, and the triple helix dilemma / Richard Delgado, Jean Stefancic --</subfield></datafield><datafield ind1='0' ind2=' ' tag='505'><subfield code='a'>(cont.) Images of the outsider in American law and culture : can free expression remedy systemic social ills? / Richard Delgado, Jean Stefancic -- Serving two masters : intergration ideals and client interests in school desegregation litigation / Derrick Bell -- Rodrigo&apos;s sixth chronicle : intersections, essences, and the dilemma of social reform / Richard Delgado -- Race and essentialism in feminist legal theory / Angela P. Harris -- A hair piece : perspectives on the intersection of race and gender / Paulette M. Caldwell -- Telling stories out of school : an essay on legal narratives / Daniel A. Farber, Suzanna Sherry -- &quot;The black community,&quot; its lawbreakers, and a politics of identification / Regina Austin -- Traces of the master narrative in the story of African American/Korean American conflict : how we constructed &quot;Los Angeles&quot; / Lisa C. Ikemoto --</subfield></datafield><datafield ind1='0' ind2=' ' tag='505'><subfield code='a'>(cont.) Racial critiques of legal academia / Randall L. Kennedy -- Toward an Asian American legal scholarship : critical race theory, post-structuralism, and narrative space / Robert S. Chang -- Politics and passion : theoretically a dangerous liaison / Robin D. Barnes -- Rodrigo&apos;s Chronicle / Richard Delgado -- Affirmative action as a majoritarian device : or, do you really want to be a role model? / Richard Delgado -- Bid whist, tonk, and United States v. Fordice : why integrationism fails African-Americans again / Alex M. Johnson, Jr. -- African-American immersion schools : paradoxes of race and public education / Kevin Brown --</subfield></datafield><datafield ind1='0' ind2=' ' tag='505'><subfield code='a'>(cont.) The civil rights chronicles : the chronicle of the DeVine gift / Derrick Bell -- &quot;The imperial scholar&quot; revisited : how to marginalize outsider writing, ten years later / Richard Delgado -- Autobiography and legal scholarship and teaching : finding the me in the legal academy / Jerome McCristal Culp, Jr. -- Reflections on identity, diversity, and morality / Deborah Waire Post -- Racial critiques of legal academia / Randall L. Kennedy -- Masks and other disguises : exposing legal academia / Leslie G. Espinoza -- Derrick Bell : race and class : the dilemma of liberal reform / Alan D. Freeman --</subfield></datafield><datafield ind1='0' ind2=' ' tag='505'><subfield code='a'>(cont.) Beyond criticism, synthesis? : left-right parallels in recent writing about race / Richard Delgado -- The code of perfect pregnancy : at the intersection of the ideology of motherhood, the practice of defaulting to science, and the interventionist mindset of law / Lisa C. Ikemoto -- On being a gorilla in your midst, or, the life of one blackwoman in the legal academy / Jennifer M. Russell -- Stealing away : black women, outlaw culture and the rhetoric of rights / Monica J. Evans -- Rape, ethnicity, and culture : spirit injury from Bosnia to black America / Adrien Katherine Wing, Sylke Merchán --</subfield></datafield><datafield ind1='0' ind2=' ' tag='505'><subfield code='a'>(cont.) Máscaras, trenzas, y grenas : un/masking the self while un/braiding Latina stories and legal discourse / Margaret E. Montoya -- White by law / Ian F. Haney López -- Innocence and affirmative action / Thomas Ross -- Obscuring the importance of race : the implication of making comparisons between racism and sexism (or other -isms) / Tina Grillo, Stephanie M. Wildman -- Language and silence : making systems of privilege visible / Stephanie M. Wildman, Adrienne D. Davis.</subfield></datafield><datafield ind1=' ' ind2='0' tag='650'><subfield code='a'>Race discrimination</subfield><subfield code='x'>Law and legislation</subfield><subfield code='z'>United States</subfield></datafield><datafield ind1=' ' ind2='0' tag='650'><subfield code='a'>Race discrimination</subfield><subfield code='z'>United States</subfield></datafield><datafield ind1=' ' ind2='0' tag='650'><subfield code='a'>Critical legal studies</subfield><subfield code='z'>United States</subfield></datafield><datafield ind1=' ' ind2='0' tag='650'><subfield code='a'>Racism in language</subfield></datafield><datafield ind1=' ' ind2='0' tag='651'><subfield code='a'>United States</subfield><subfield code='x'>Race relations</subfield><subfield code='x'>Philosophy.</subfield></datafield><datafield ind1='1' ind2=' ' tag='700'><subfield code='a'>Delgado, Richard</subfield></datafield><datafield ind1='1' ind2=' ' tag='583'><subfield code='a'>committed to retain</subfield><subfield code='c'>20181001</subfield><subfield code='d'>in perpetuity</subfield><subfield code='f'>ReCAP Shared Collection</subfield><subfield code='5'>HUL</subfield><subfield code='8'>221951643360003941</subfield></datafield><datafield ind1=' ' ind2=' ' tag='901'><subfield code='a'>9c7438b2-0e52-4857-9271-ed4b0d8e9217</subfield><subfield code='b'>25</subfield><subfield code='c'>true</subfield></datafield><datafield ind1='0' ind2=' ' tag='852'><subfield code='c'>HD</subfield><subfield code='h'>KF4755</subfield><subfield code='i'>.C75 1995</subfield><subfield code='z'>Copy 1-3</subfield><subfield code='0'>10719701</subfield><subfield code='b'>scsbhl</subfield></datafield><datafield ind1=' ' ind2=' ' tag='876'><subfield code='0'>10719701</subfield><subfield code='a'>16412430</subfield><subfield code='h'> </subfield><subfield code='j'>Available</subfield><subfield code='k'>LAW</subfield><subfield code='p'>32044060477460</subfield><subfield code='x'>Shared</subfield><subfield code='z'>HL</subfield><subfield code='l'>HD</subfield></datafield><datafield ind1=' ' ind2=' ' tag='876'><subfield code='0'>10719701</subfield><subfield code='3'>1995</subfield><subfield code='a'>16412431</subfield><subfield code='h'> </subfield><subfield code='j'>Available</subfield><subfield code='k'>LAW</subfield><subfield code='p'>32044088455019</subfield><subfield code='x'>Shared</subfield><subfield code='z'>HL</subfield><subfield code='l'>HD</subfield></datafield><datafield ind1=' ' ind2=' ' tag='876'><subfield code='0'>10719701</subfield><subfield code='a'>16412432</subfield><subfield code='h'> </subfield><subfield code='j'>Available</subfield><subfield code='k'>LAW</subfield><subfield code='p'>32044038527248</subfield><subfield code='x'>Shared</subfield><subfield code='z'>HL</subfield><subfield code='l'>HD</subfield></datafield></record>