
<record><leader>00000nam a22003497i 4500</leader><controlfield tag='001'>SCSB-15479298</controlfield><controlfield tag='005'>20260426063752.0</controlfield><controlfield tag='008'>260406s2026    ua            000 1 ara  nam7i </controlfield><controlfield tag='009'>.b239356421</controlfield><datafield ind1='1' ind2=' ' tag='100'><subfield code='6'>880-01</subfield><subfield code='a'>ʻIṣmat, Muḥammad,</subfield><subfield code='d'>1988-</subfield><subfield code='e'>author.</subfield></datafield><datafield ind1=' ' ind2='0' tag='650'><subfield code='a'>Arabic fiction</subfield><subfield code='y'>21th century.</subfield></datafield><datafield ind1=' ' ind2=' ' tag='250'><subfield code='6'>880-03</subfield><subfield code='a'>al-Ṭabʻah al-ūlá.</subfield></datafield><datafield ind1=' ' ind2=' ' tag='020'><subfield code='a'>9789778203240</subfield></datafield><datafield ind1=' ' ind2=' ' tag='500'><subfield code='a'>Novel.</subfield></datafield><datafield ind1=' ' ind2='1' tag='264'><subfield code='6'>880-04</subfield><subfield code='a'>al-Jīzah :</subfield><subfield code='b'>Kayān lil-Nashr wa-al-Tawzīʻ,</subfield><subfield code='c'>2026.</subfield></datafield><datafield ind1=' ' ind2=' ' tag='300'><subfield code='a'>196 pages ;</subfield><subfield code='c'>20 cm</subfield></datafield><datafield ind1=' ' ind2=' ' tag='336'><subfield code='a'>text</subfield><subfield code='b'>txt</subfield><subfield code='2'>rdacontent</subfield></datafield><datafield ind1=' ' ind2=' ' tag='337'><subfield code='a'>unmediated</subfield><subfield code='b'>n</subfield><subfield code='2'>rdamedia</subfield></datafield><datafield ind1=' ' ind2=' ' tag='338'><subfield code='a'>volume</subfield><subfield code='b'>nc</subfield><subfield code='2'>rdacarrier</subfield></datafield><datafield ind1='1' ind2='0' tag='245'><subfield code='6'>880-02</subfield><subfield code='a'>Tamāthīl al-milḥ :</subfield><subfield code='b'>riwāyah /</subfield><subfield code='c'>Muḥammad ʻIṣmat.</subfield></datafield><datafield ind1='3' ind2=' ' tag='246'><subfield code='a'>Mā khutima bi-al-milḥ..lā yadhūb</subfield></datafield><datafield ind1=' ' ind2=' ' tag='040'><subfield code='a'>EG-CaLB</subfield><subfield code='b'>eng</subfield><subfield code='e'>rda</subfield><subfield code='c'>EG-CaLB</subfield></datafield><datafield ind1='0' ind2='0' tag='050'><subfield code='a'>PJ7938.S63</subfield><subfield code='b'>T36 2026</subfield></datafield><datafield ind1='0' ind2='0' tag='908'><subfield code='a'>PJ7938.S63</subfield><subfield code='b'>T36 2026</subfield></datafield><datafield ind1='1' ind2=' ' tag='880'><subfield code='6'>100-01/(3/r</subfield><subfield code='a'>عصمت، محمد.</subfield></datafield><datafield ind1='1' ind2='0' tag='880'><subfield code='6'>245-02/(3/r</subfield><subfield code='a'>تماثيل الملح :</subfield><subfield code='b'>رواية /</subfield><subfield code='c'>محمد عصمت.</subfield></datafield><datafield ind1=' ' ind2=' ' tag='880'><subfield code='6'>250-03/(3/r</subfield><subfield code='a'>الطبعة الأولى.</subfield></datafield><datafield ind1=' ' ind2='1' tag='880'><subfield code='6'>264-04/(3/r</subfield><subfield code='a'>الجيزة :</subfield><subfield code='b'>كيان للنشر والتوزيع،</subfield><subfield code='c'>2026.</subfield></datafield><datafield ind1=' ' ind2=' ' tag='901'><subfield code='a'>LEILA</subfield></datafield><datafield ind1=' ' ind2=' ' tag='910'><subfield code='a'>RL</subfield></datafield><datafield ind1=' ' ind2=' ' tag='960'><subfield code='s'>900</subfield><subfield code='t'>rc2ma</subfield><subfield code='u'>50060ame</subfield></datafield><datafield ind1='0' ind2='0' tag='907'><subfield code='a'>.b239356421</subfield></datafield><datafield ind1='8' ind2=' ' tag='852'><subfield code='h'>ReCAP 26-120032</subfield><subfield code='0'>16601553</subfield><subfield code='b'>scsbnypl</subfield></datafield><datafield ind1=' ' ind2=' ' tag='876'><subfield code='0'>16601553</subfield><subfield code='a'>23488083</subfield><subfield code='j'>Available</subfield><subfield code='p'>33433140004114</subfield><subfield code='t'>1</subfield><subfield code='x'>Shared</subfield><subfield code='z'>NA</subfield><subfield code='l'>RECAP</subfield></datafield></record>