
<record><leader>01385cam a2200313 a 4500</leader><controlfield tag='001'>SCSB-4371309</controlfield><controlfield tag='003'>NNC</controlfield><controlfield tag='005'>20221020083754.0</controlfield><controlfield tag='008'>960903s1996    dcu          f000 0 eng d</controlfield><controlfield tag='009'>3601024</controlfield><datafield ind1=' ' ind2=' ' tag='035'><subfield code='a'>(OCoLC)ocm35337926</subfield></datafield><datafield ind1=' ' ind2=' ' tag='035'><subfield code='9'>AME8888DC</subfield></datafield><datafield ind1=' ' ind2=' ' tag='035'><subfield code='a'>(NNC)3601024</subfield></datafield><datafield ind1=' ' ind2=' ' tag='035'><subfield code='a'>3601024</subfield></datafield><datafield ind1=' ' ind2=' ' tag='040'><subfield code='d'>GAO</subfield><subfield code='d'>ZBL</subfield><subfield code='d'>GPO</subfield><subfield code='d'>DLC</subfield><subfield code='d'>MvI</subfield></datafield><datafield ind1=' ' ind2=' ' tag='043'><subfield code='a'>n-us---</subfield></datafield><datafield ind1=' ' ind2=' ' tag='074'><subfield code='a'>1059-A-01</subfield></datafield><datafield ind1='0' ind2=' ' tag='086'><subfield code='a'>Y 3.EQ 2:8 J 57/996</subfield></datafield><datafield ind1=' ' ind2=' ' tag='099'><subfield code='a'>Y 3.EQ 2:8 J 57/996</subfield></datafield><datafield ind1='0' ind2='0' tag='245'><subfield code='a'>EEO-1 job classification guide :</subfield><subfield code='b'>a guide which maps 1990 census job codes and titles into the nine (9) EEO-1 survey job categories /</subfield><subfield code='c'>Program Research and Surveys Division (OPO-ORPP) Survey Management and Analysis Branch I.</subfield></datafield><datafield ind1='1' ind2='4' tag='246'><subfield code='a'>Job classification guide</subfield></datafield><datafield ind1='1' ind2=' ' tag='246'><subfield code='i'>At head of title:</subfield><subfield code='a'>Employer information report EEO-1 (standard form 100)</subfield></datafield><datafield ind1=' ' ind2=' ' tag='260'><subfield code='a'>Washington, DC :</subfield><subfield code='b'>U.S. Equal Employment Opportunity Commission,</subfield><subfield code='c'>1996.</subfield></datafield><datafield ind1=' ' ind2=' ' tag='336'><subfield code='a'>text</subfield><subfield code='b'>txt</subfield><subfield code='2'>rdacontent</subfield></datafield><datafield ind1=' ' ind2=' ' tag='337'><subfield code='a'>unmediated</subfield><subfield code='b'>n</subfield><subfield code='2'>rdamedia</subfield></datafield><datafield ind1=' ' ind2=' ' tag='500'><subfield code='a'>Shipping list no.: 96-0339-P.</subfield></datafield><datafield ind1=' ' ind2='0' tag='650'><subfield code='a'>Occupations</subfield><subfield code='v'>Classification.</subfield><subfield code='0'>http://id.loc.gov/authorities/subjects/sh85093863</subfield></datafield><datafield ind1=' ' ind2='0' tag='650'><subfield code='a'>Occupational surveys</subfield><subfield code='z'>United States.</subfield></datafield><datafield ind1='1' ind2=' ' tag='710'><subfield code='a'>United States.</subfield><subfield code='b'>Equal Employment Opportunity Commission.</subfield><subfield code='b'>ORPP-Program Research and Surveys Division.</subfield><subfield code='b'>Survey Management and Analysis Branch I.</subfield><subfield code='0'>http://id.loc.gov/authorities/names/no96053442</subfield></datafield><datafield ind1='3' ind2='0' tag='852'><subfield code='h'>Y 3.EQ 2:8 J 57/996</subfield><subfield code='0'>4385806</subfield><subfield code='b'>scsbcul</subfield></datafield><datafield ind1=' ' ind2=' ' tag='876'><subfield code='0'>4385806</subfield><subfield code='a'>6348622</subfield><subfield code='h'> </subfield><subfield code='j'>Available</subfield><subfield code='p'>CU67115438</subfield><subfield code='t'>1</subfield><subfield code='x'>Shared</subfield><subfield code='z'>GC</subfield><subfield code='l'>RECAP</subfield></datafield></record>