
<record><leader>01236cam a2200301 a 4500</leader><controlfield tag='001'>SCSB-4370015</controlfield><controlfield tag='003'>NNC</controlfield><controlfield tag='005'>20221020083546.0</controlfield><controlfield tag='008'>941228s1994    dcu          f000 0 eng d</controlfield><controlfield tag='009'>3590584</controlfield><datafield ind1=' ' ind2=' ' tag='035'><subfield code='a'>(OCoLC)ocm31748151</subfield></datafield><datafield ind1=' ' ind2=' ' tag='035'><subfield code='9'>AKJ1901DC</subfield></datafield><datafield ind1=' ' ind2=' ' tag='035'><subfield code='a'>(NNC)3590584</subfield></datafield><datafield ind1=' ' ind2=' ' tag='035'><subfield code='a'>3590584</subfield></datafield><datafield ind1=' ' ind2=' ' tag='040'><subfield code='d'>CDL</subfield><subfield code='d'>GPO</subfield><subfield code='d'>DLC</subfield></datafield><datafield ind1=' ' ind2=' ' tag='043'><subfield code='a'>n-us---</subfield></datafield><datafield ind1=' ' ind2=' ' tag='074'><subfield code='a'>1059-A-1</subfield></datafield><datafield ind1='0' ind2=' ' tag='086'><subfield code='a'>Y 3.EQ 2:8 J 57/994</subfield></datafield><datafield ind1=' ' ind2=' ' tag='099'><subfield code='a'>Y 3.EQ 2:8 J 57/994</subfield></datafield><datafield ind1='0' ind2='0' tag='245'><subfield code='a'>Job classification guide :</subfield><subfield code='b'>to be used with Employer Information Report EEO-1 (Standard Form 100).</subfield></datafield><datafield ind1=' ' ind2=' ' tag='260'><subfield code='a'>Washington, DC :</subfield><subfield code='b'>Office of Program Operations, ORPP-Program Research and Surveys Division, U.S. Equal Employment Opportunity Commission,</subfield><subfield code='c'>1994.</subfield></datafield><datafield ind1=' ' ind2=' ' tag='336'><subfield code='a'>text</subfield><subfield code='b'>txt</subfield><subfield code='2'>rdacontent</subfield></datafield><datafield ind1=' ' ind2=' ' tag='337'><subfield code='a'>unmediated</subfield><subfield code='b'>n</subfield><subfield code='2'>rdamedia</subfield></datafield><datafield ind1=' ' ind2=' ' tag='500'><subfield code='a'>Shipping list no.: 94-0390-P.</subfield></datafield><datafield ind1=' ' ind2='0' tag='650'><subfield code='a'>Occupations</subfield><subfield code='v'>Classification.</subfield><subfield code='0'>http://id.loc.gov/authorities/subjects/sh85093863</subfield></datafield><datafield ind1=' ' ind2='0' tag='650'><subfield code='a'>Labor</subfield><subfield code='z'>United States</subfield><subfield code='v'>Statistics.</subfield></datafield><datafield ind1=' ' ind2='0' tag='650'><subfield code='a'>Occupational surveys.</subfield><subfield code='0'>http://id.loc.gov/authorities/subjects/sh85093848</subfield></datafield><datafield ind1='1' ind2=' ' tag='710'><subfield code='a'>United States.</subfield><subfield code='b'>Equal Employment Opportunity Commission.</subfield><subfield code='b'>ORPP-Program Research and Surveys Division.</subfield><subfield code='0'>http://id.loc.gov/authorities/names/no95004986</subfield></datafield><datafield ind1='3' ind2='0' tag='852'><subfield code='h'>Y 3.EQ 2:8 J 57/994</subfield><subfield code='0'>4384512</subfield><subfield code='b'>scsbcul</subfield></datafield><datafield ind1=' ' ind2=' ' tag='876'><subfield code='0'>4384512</subfield><subfield code='a'>6347170</subfield><subfield code='h'> </subfield><subfield code='j'>Available</subfield><subfield code='p'>CU67049907</subfield><subfield code='t'>1</subfield><subfield code='x'>Shared</subfield><subfield code='z'>GC</subfield><subfield code='l'>RECAP</subfield></datafield></record>