
<record><leader>01403cam a2200337 a 4500</leader><controlfield tag='001'>SCSB-4361478</controlfield><controlfield tag='003'>NNC</controlfield><controlfield tag='005'>20221020081908.0</controlfield><controlfield tag='008'>870720s1987    dcu      sn  f000 0 eng d</controlfield><controlfield tag='009'>3534537</controlfield><datafield ind1=' ' ind2=' ' tag='035'><subfield code='a'>(OCoLC)ocm16247521</subfield></datafield><datafield ind1=' ' ind2=' ' tag='035'><subfield code='9'>AJN0685DC</subfield></datafield><datafield ind1=' ' ind2=' ' tag='035'><subfield code='a'>(NNC)3534537</subfield></datafield><datafield ind1=' ' ind2=' ' tag='035'><subfield code='a'>3534537</subfield></datafield><datafield ind1=' ' ind2=' ' tag='040'><subfield code='a'>GPO</subfield><subfield code='c'>GPO</subfield><subfield code='d'>MvI</subfield></datafield><datafield ind1=' ' ind2=' ' tag='043'><subfield code='a'>n-us---</subfield></datafield><datafield ind1=' ' ind2=' ' tag='074'><subfield code='a'>1059-A-1</subfield></datafield><datafield ind1='0' ind2=' ' tag='086'><subfield code='a'>Y 3.Eq 2:8 J 57</subfield></datafield><datafield ind1=' ' ind2=' ' tag='099'><subfield code='a'>Y 3.Eq 2:8 J 57</subfield></datafield><datafield ind1='0' ind2='0' tag='245'><subfield code='a'>Job classification guide :</subfield><subfield code='b'>to be used with Employer information report EEO-1 (standard form 100).</subfield></datafield><datafield ind1=' ' ind2=' ' tag='260'><subfield code='a'>Washington, DC :</subfield><subfield code='b'>Office of Program Operations, Program Research and Surveys Staff, U.S. Equal Employment Opportunity Commission,</subfield><subfield code='c'>1987.</subfield></datafield><datafield ind1=' ' ind2=' ' tag='336'><subfield code='a'>text</subfield><subfield code='b'>txt</subfield><subfield code='2'>rdacontent</subfield></datafield><datafield ind1=' ' ind2=' ' tag='337'><subfield code='a'>unmediated</subfield><subfield code='b'>n</subfield><subfield code='2'>rdamedia</subfield></datafield><datafield ind1=' ' ind2=' ' tag='500'><subfield code='a'>Shipping list no.: 87-308-P.</subfield></datafield><datafield ind1=' ' ind2=' ' tag='500'><subfield code='a'>&quot;June 1983&quot;--P. [12].</subfield></datafield><datafield ind1=' ' ind2='0' tag='650'><subfield code='a'>Occupations</subfield><subfield code='v'>Classification.</subfield><subfield code='0'>http://id.loc.gov/authorities/subjects/sh85093863</subfield></datafield><datafield ind1=' ' ind2='0' tag='650'><subfield code='a'>Working class</subfield><subfield code='z'>United States</subfield><subfield code='v'>Statistics.</subfield></datafield><datafield ind1=' ' ind2='0' tag='650'><subfield code='a'>Labor movement</subfield><subfield code='z'>United States</subfield><subfield code='v'>Statistics.</subfield></datafield><datafield ind1=' ' ind2='0' tag='650'><subfield code='a'>Labor supply</subfield><subfield code='z'>United States</subfield><subfield code='v'>Statistics.</subfield></datafield><datafield ind1=' ' ind2='0' tag='650'><subfield code='a'>Occupational surveys.</subfield><subfield code='0'>http://id.loc.gov/authorities/subjects/sh85093848</subfield></datafield><datafield ind1='1' ind2=' ' tag='710'><subfield code='a'>United States.</subfield><subfield code='b'>Equal Employment Opportunity Commission.</subfield><subfield code='b'>Office of Program Operations.</subfield><subfield code='b'>Program Research and Surveys Staff.</subfield><subfield code='0'>http://id.loc.gov/authorities/names/n87846627</subfield></datafield><datafield ind1='3' ind2='0' tag='852'><subfield code='h'>Y 3.Eq 2:8 J 57</subfield><subfield code='0'>4375969</subfield><subfield code='b'>scsbcul</subfield></datafield><datafield ind1=' ' ind2=' ' tag='876'><subfield code='0'>4375969</subfield><subfield code='a'>6333565</subfield><subfield code='h'> </subfield><subfield code='j'>Available</subfield><subfield code='p'>CU66628873</subfield><subfield code='t'>1</subfield><subfield code='x'>Shared</subfield><subfield code='z'>GC</subfield><subfield code='l'>RECAP</subfield></datafield></record>