
<record><leader>02291pam a2200313 a 4500</leader><controlfield tag='001'>SCSB-10209811</controlfield><controlfield tag='005'>20020606104010.5</controlfield><controlfield tag='008'>961118s1997    ctua     b    001 0 eng  </controlfield><controlfield tag='009'>990076750010203941</controlfield><datafield ind1=' ' ind2=' ' tag='010'><subfield code='a'>^^^96037730^</subfield></datafield><datafield ind1=' ' ind2=' ' tag='020'><subfield code='a'>0275956210 (alk. paper)</subfield></datafield><datafield ind1=' ' ind2=' ' tag='035'><subfield code='a'>(OCoLC)36001177</subfield><subfield code='z'>(OCoLC)38337318</subfield><subfield code='z'>(OCoLC)1154818221</subfield><subfield code='z'>(OCoLC)1200071302</subfield></datafield><datafield ind1=' ' ind2=' ' tag='040'><subfield code='a'>DLC</subfield><subfield code='c'>DLC</subfield><subfield code='d'>DLC</subfield></datafield><datafield ind1=' ' ind2=' ' tag='043'><subfield code='a'>n-us---</subfield></datafield><datafield ind1='0' ind2='0' tag='050'><subfield code='a'>E185.615</subfield><subfield code='b'>.C583 1997</subfield></datafield><datafield ind1='0' ind2='0' tag='082'><subfield code='a'>305.8/00973/09049</subfield><subfield code='2'>21</subfield></datafield><datafield ind1='0' ind2='0' tag='245'><subfield code='a'>Civil rights and race relations in the post Reagan-Bush era /</subfield><subfield code='c'>edited by Samuel L. Myers, Jr.</subfield></datafield><datafield ind1=' ' ind2=' ' tag='260'><subfield code='a'>Westport, Conn. :</subfield><subfield code='b'>Praeger,</subfield><subfield code='c'>1997.</subfield></datafield><datafield ind1=' ' ind2=' ' tag='300'><subfield code='a'>xiv, 269 p. :</subfield><subfield code='b'>ill. ;</subfield><subfield code='c'>25 cm.</subfield></datafield><datafield ind1=' ' ind2=' ' tag='504'><subfield code='a'>Includes bibliographical references and index.</subfield></datafield><datafield ind1='0' ind2=' ' tag='505'><subfield code='a'>Historical roots of contemporary racial inequality / Herbert Hill -- Race, civil rights, and the new immigrants : nativism and the new world order / Evelyn Hu-DeHart -- Fighting white racism : the future of equal rights in the United States / Joe R. Feagin -- Affirmative action policy under Executive Order 11246 : a retrospective view / Bernard E. Anderson -- Racial differences in employment shares : new evidence from the EEO-1 files / William M. Rodgers III -- Where the jobs went in the 1990-91 downturn : varying (mis)fortunes or homogeneous distress? / M.V. Lee Badgett -- Foundation connections to black workers and labor unions / Richard Magat -- Diversity in the workplace : a dialogue among corporate executives -- A local conversation about race -- Hungry mind review questionnaire / Betsy Hubbard --</subfield></datafield><datafield ind1='0' ind2=' ' tag='505'><subfield code='a'>&quot;Don&apos;t throw trash in the well from which you must drink&quot; : black demagogues, the media, and the pollution of racial discourse / Richard M. Benjamin -- The political assault on affirmative action : undermining 50 years of progress toward equality / Gerald W. Heaney -- Is affirmative action a quota system? / Barbara R. Bergmann -- Reparations / William A. Darity, Jr. -- Remedies to racial inequality -- Afterword : the future of race relations and civil rights / Samuel L. Myers, Jr.</subfield></datafield><datafield ind1=' ' ind2='0' tag='650'><subfield code='a'>African Americans</subfield><subfield code='x'>Civil rights</subfield></datafield><datafield ind1=' ' ind2='0' tag='650'><subfield code='a'>Affirmative action programs</subfield><subfield code='z'>United States</subfield></datafield><datafield ind1=' ' ind2='0' tag='650'><subfield code='a'>African Americans</subfield><subfield code='x'>Employment</subfield></datafield><datafield ind1=' ' ind2='0' tag='651'><subfield code='a'>United States</subfield><subfield code='x'>Race relations</subfield></datafield><datafield ind1=' ' ind2='0' tag='651'><subfield code='a'>United States</subfield><subfield code='x'>Ethnic relations</subfield></datafield><datafield ind1='1' ind2=' ' tag='700'><subfield code='a'>Myers, Samuel L.</subfield></datafield><datafield ind1='0' ind2='8' tag='776'><subfield code='i'>Online version:</subfield><subfield code='t'>Civil rights and race relations in the post Reagan-Bush era.</subfield><subfield code='d'>Westport, Conn. : Praeger, 1997</subfield><subfield code='w'>(OCoLC)605236895</subfield></datafield><datafield ind1='0' ind2='8' tag='776'><subfield code='i'>Online version:</subfield><subfield code='t'>Civil rights and race relations in the post Reagan-Bush era.</subfield><subfield code='d'>Westport, Conn. : Praeger, 1997</subfield><subfield code='w'>(OCoLC)631262094</subfield></datafield><datafield ind1='1' ind2=' ' tag='583'><subfield code='a'>committed to retain</subfield><subfield code='c'>20181001</subfield><subfield code='d'>in perpetuity</subfield><subfield code='f'>ReCAP Shared Collection</subfield><subfield code='5'>HUL</subfield><subfield code='8'>222015383640003941</subfield></datafield><datafield ind1='0' ind2=' ' tag='852'><subfield code='c'>HD</subfield><subfield code='h'>E185.615</subfield><subfield code='i'>.C583 1997</subfield><subfield code='0'>10969925</subfield><subfield code='b'>scsbhl</subfield></datafield><datafield ind1=' ' ind2=' ' tag='876'><subfield code='0'>10969925</subfield><subfield code='a'>16681217</subfield><subfield code='h'> </subfield><subfield code='j'>Available</subfield><subfield code='k'>LAW</subfield><subfield code='p'>32044049268808</subfield><subfield code='x'>Shared</subfield><subfield code='z'>HL</subfield><subfield code='l'>HD</subfield></datafield></record>