
<record><leader>01708cam a2200373Mi 4500</leader><controlfield tag='001'>SCSB-14858536</controlfield><controlfield tag='003'>NNC</controlfield><controlfield tag='005'>20240820231819.0</controlfield><controlfield tag='008'>240206s2023    ly       b    000 0 ara d</controlfield><controlfield tag='009'>18606309</controlfield><datafield ind1=' ' ind2=' ' tag='020'><subfield code='a'>9789959504180</subfield></datafield><datafield ind1=' ' ind2=' ' tag='020'><subfield code='a'>9959504182</subfield></datafield><datafield ind1=' ' ind2=' ' tag='035'><subfield code='a'>(OCoLC)on1432425316</subfield></datafield><datafield ind1=' ' ind2=' ' tag='035'><subfield code='a'>(OCoLC)1432425316</subfield></datafield><datafield ind1=' ' ind2=' ' tag='035'><subfield code='a'>18606309</subfield></datafield><datafield ind1=' ' ind2=' ' tag='040'><subfield code='a'>HUL</subfield><subfield code='b'>eng</subfield><subfield code='e'>rda</subfield><subfield code='c'>HUL</subfield><subfield code='d'>OCLCO</subfield></datafield><datafield ind1=' ' ind2=' ' tag='049'><subfield code='a'>ZCUA</subfield></datafield><datafield ind1='0' ind2='0' tag='050'><subfield code='a'>PJ7517</subfield><subfield code='b'>.B37 2023</subfield></datafield><datafield ind1='1' ind2=' ' tag='100'><subfield code='6'>880-01</subfield><subfield code='a'>Bāqramī, Fāṭimah al-Hādī,</subfield><subfield code='e'>author.</subfield><subfield code='4'>http://id.loc.gov/vocabulary/relators/aut</subfield></datafield><datafield ind1='1' ind2='0' tag='245'><subfield code='6'>880-02</subfield><subfield code='a'>Tafāʻul al-ansāq fī binyat al-naṣṣ al-sardī /</subfield><subfield code='c'>U. Fāṭimah al-Hādī al-Bāqramī.</subfield></datafield><datafield ind1=' ' ind2='1' tag='264'><subfield code='6'>880-03</subfield><subfield code='a'>Lībiyā :</subfield><subfield code='b'>Dār wa-Maktabat al-Shaʻb lil-Ṭibāʻah wa-al-Nashr wa-al-Tawzīʻ,</subfield><subfield code='c'>[2023]</subfield></datafield><datafield ind1=' ' ind2=' ' tag='300'><subfield code='a'>208 pages ;</subfield><subfield code='c'>20 cm</subfield></datafield><datafield ind1=' ' ind2=' ' tag='336'><subfield code='a'>text</subfield><subfield code='b'>txt</subfield><subfield code='2'>rdacontent</subfield></datafield><datafield ind1=' ' ind2=' ' tag='337'><subfield code='a'>unmediated</subfield><subfield code='b'>n</subfield><subfield code='2'>rdamedia</subfield></datafield><datafield ind1=' ' ind2=' ' tag='338'><subfield code='a'>volume</subfield><subfield code='b'>nc</subfield><subfield code='2'>rdacarrier</subfield></datafield><datafield ind1=' ' ind2=' ' tag='504'><subfield code='a'>Includes bibliographical references.</subfield></datafield><datafield ind1=' ' ind2='0' tag='650'><subfield code='a'>Arabic literature</subfield><subfield code='x'>History and criticism.</subfield><subfield code='0'>http://id.loc.gov/authorities/subjects/sh2007101215</subfield></datafield><datafield ind1=' ' ind2='0' tag='650'><subfield code='a'>Narration (Rhetoric)</subfield><subfield code='0'>http://id.loc.gov/authorities/subjects/sh85089833</subfield></datafield><datafield ind1=' ' ind2='6' tag='650'><subfield code='a'>Littérature arabe</subfield><subfield code='0'>(CaQQLa)201-0031684</subfield><subfield code='x'>Histoire et critique.</subfield><subfield code='0'>(CaQQLa)201-0377571</subfield></datafield><datafield ind1=' ' ind2='6' tag='650'><subfield code='a'>Narration.</subfield><subfield code='0'>(CaQQLa)201-0010873</subfield></datafield><datafield ind1=' ' ind2=' ' tag='752'><subfield code='a'>Libya.</subfield></datafield><datafield ind1='1' ind2=' ' tag='880'><subfield code='6'>100-01/r</subfield><subfield code='a'>باقرمي، فاطمة الهادي.</subfield></datafield><datafield ind1='1' ind2='0' tag='880'><subfield code='6'>245-02/r</subfield><subfield code='a'>تفاعل الأنساق في بنية النص السردي /</subfield><subfield code='c'>أ. فاطمة الهادي الباقرمي.</subfield></datafield><datafield ind1=' ' ind2='1' tag='880'><subfield code='6'>264-03/r</subfield><subfield code='a'>ليبيا :</subfield><subfield code='b'>دار ومكتبة الشعب للطباعة والنشر والتوزيع،</subfield><subfield code='c'>[2023]</subfield></datafield><datafield ind1='0' ind2='0' tag='852'><subfield code='h'>PJ7517 .B37 2023</subfield><subfield code='0'>15886601</subfield><subfield code='b'>scsbcul</subfield></datafield><datafield ind1=' ' ind2=' ' tag='876'><subfield code='0'>15886601</subfield><subfield code='a'>22554684</subfield><subfield code='h'> </subfield><subfield code='j'>Available</subfield><subfield code='p'>CU29674832</subfield><subfield code='t'>1</subfield><subfield code='x'>Shared</subfield><subfield code='z'>CU</subfield><subfield code='l'>RECAP</subfield></datafield></record>