
<record><leader>01534nam a2200361 a 4500</leader><controlfield tag='001'>SCSB-13750066</controlfield><controlfield tag='005'>20020606090541.3</controlfield><controlfield tag='008'>850130s1985    nyua     cb   00000 eng  </controlfield><controlfield tag='009'>990004582000203941</controlfield><datafield ind1=' ' ind2=' ' tag='010'><subfield code='a'>^^^85047515^</subfield></datafield><datafield ind1=' ' ind2=' ' tag='020'><subfield code='a'>0807611255</subfield></datafield><datafield ind1=' ' ind2=' ' tag='020'><subfield code='a'>0807611263 (pbk.)</subfield></datafield><datafield ind1=' ' ind2=' ' tag='035'><subfield code='a'>(OCoLC)15315358</subfield><subfield code='z'>(OCoLC)12425752</subfield><subfield code='z'>(OCoLC)12444816</subfield><subfield code='z'>(OCoLC)59241279</subfield><subfield code='z'>(OCoLC)1008479070</subfield></datafield><datafield ind1=' ' ind2=' ' tag='040'><subfield code='a'>DLC</subfield><subfield code='c'>DLC</subfield><subfield code='d'>m/c</subfield><subfield code='d'>HLS</subfield></datafield><datafield ind1=' ' ind2=' ' tag='043'><subfield code='a'>a-ja---</subfield></datafield><datafield ind1='0' ind2=' ' tag='050'><subfield code='a'>N7353.5</subfield><subfield code='b'>.J35 1985</subfield></datafield><datafield ind1='0' ind2=' ' tag='082'><subfield code='a'>704.9/47/0952074013</subfield><subfield code='2'>19</subfield></datafield><datafield ind1='0' ind2='0' tag='245'><subfield code='a'>Japanese ghosts &amp; demons :</subfield><subfield code='b'>art of the supernatural /</subfield><subfield code='c'>edited by Stephen Addiss ; essays by Stephen Addiss ... [et al.].</subfield></datafield><datafield ind1='3' ind2=' ' tag='246'><subfield code='a'>Japanese ghosts and demons.</subfield></datafield><datafield ind1='3' ind2=' ' tag='246'><subfield code='a'>Japanese ghosts and demons</subfield></datafield><datafield ind1=' ' ind2=' ' tag='250'><subfield code='a'>1st ed.</subfield></datafield><datafield ind1=' ' ind2=' ' tag='260'><subfield code='a'>New York :</subfield><subfield code='b'>G. Braziller ;</subfield><subfield code='a'>Lawrence :</subfield><subfield code='b'>Spencer Museum of Art, University of Kansas,</subfield><subfield code='c'>1985.</subfield></datafield><datafield ind1=' ' ind2=' ' tag='300'><subfield code='a'>192 p. :</subfield><subfield code='b'>ill. (some col.) ;</subfield><subfield code='c'>29 cm.</subfield></datafield><datafield ind1=' ' ind2=' ' tag='500'><subfield code='a'>&quot;Exhibition schedule, Asia Society Gallery, New York, June 13-September 1, 1985; Spencer Museum of Art, University of Kansas, Lawrence, September 29-December 22, 1985; Huntington Art Gallery, University of Texas, Austin, March 6-April 13, 1986; University Art Museum, Berkeley, California, June 11-September 14, 1986&quot;--Verso t.p.</subfield></datafield><datafield ind1=' ' ind2=' ' tag='504'><subfield code='a'>Bibliography: p. 191-192.</subfield></datafield><datafield ind1='0' ind2=' ' tag='505'><subfield code='a'>Introduction / Akira Y. Yamamoto -- One hundred demons and one hundred supernatural tales / Midori Deguchi -- Yūrei : tales of female ghosts / Brenda Jordan -- The male ghost in kabuki and ukiyo-e / James L. Secor, Stephen Addiss -- Sennin : the immortals of Taoism / Janet Carpenter -- Shōki the demon queller / Matthew Welch -- Oni : the Japanse demon / Juliann Wolfgram -- Tengu, the mountain goblin / Pat Fister -- The trickster in Japan : tanuki and kitsune / Brenda Jordan -- Snakes, serpents, and humans / Jamie Lillywhite, Akira Y. Yamamoto -- Two and a half worlds : humans, animals, and in-between / Fumiko Y. Yamamoto, Akira Y. Yamamoto -- Conclusion : the supernatural in Japanese art / Stephen Addiss.</subfield></datafield><datafield ind1=' ' ind2=' ' tag='520'><subfield code='a'>Japan has perhaps the most lively and richly developed tradition of supernatural lore of any civilization. It is comprised of some of the most relentlessly fearsome goblins, demons, metamorphosed animals and ghosts ever known to man. Japanese poets, actors, dancers, and artists have all delighted in portraying these monsters, often with a playfulness and humor that mitigates the demons&apos; more ferocious qualities, but also with a bold, dramatic fervor designed to impress upon their audiences the lessons of folklore. For, like our own mythological and fairy-tale characters, Japan&apos;s supernatural inhabitants suggest much about the morals of the Japanese people and of their efforts to understand the mysteries of the world. This is the first book devoted to the study of the supernatural world and its representation in Japanese art. From the 17th to the 19th centuries many of Japan&apos;s most brilliant artists, including Hiroshige, Hokusai, Yoshitoshi, and Zeshin, allowed their imaginations free rein to present these mysteries in a variety of media, including paintings, woodblock prints, screens, netsuke and inrō sculptures, and fans. The 49 color plates and 75 black and white illustrations presented here show a stunning array of Japan&apos;s most fiendish figures. Each of the ten chapters focuses on one of the most important themes in Japanese lore, discussing its anthropological meaning and literary and artistic interpretations. -- from back cover.</subfield></datafield><datafield ind1=' ' ind2='0' tag='650'><subfield code='a'>Art, Japanese</subfield><subfield code='y'>Edo period, 1600-1868</subfield><subfield code='v'>Exhibitions</subfield></datafield><datafield ind1=' ' ind2='0' tag='650'><subfield code='a'>Ghosts in art</subfield><subfield code='v'>Exhibitions.</subfield></datafield><datafield ind1=' ' ind2='0' tag='650'><subfield code='a'>Demonology in art</subfield><subfield code='v'>Exhibitions.</subfield></datafield><datafield ind1=' ' ind2='7' tag='655'><subfield code='a'>Exhibition catalogs</subfield><subfield code='2'>fast</subfield></datafield><datafield ind1=' ' ind2='7' tag='655'><subfield code='a'>Exhibition catalogs.</subfield><subfield code='2'>fast</subfield><subfield code='0'>(OCoLC)fst01424028</subfield></datafield><datafield ind1=' ' ind2='7' tag='655'><subfield code='a'>Exhibition catalogs</subfield><subfield code='2'>lcgft</subfield></datafield><datafield ind1=' ' ind2='7' tag='648'><subfield code='a'>1600-1868</subfield><subfield code='2'>fast</subfield></datafield><datafield ind1='1' ind2=' ' tag='700'><subfield code='a'>Addiss, Stephen,</subfield><subfield code='d'>1935-2022</subfield></datafield><datafield ind1='2' ind2=' ' tag='710'><subfield code='a'>Helen Foresman Spencer Museum of Art</subfield></datafield><datafield ind1='2' ind2=' ' tag='710'><subfield code='a'>Asia Society.</subfield><subfield code='b'>Galleries</subfield></datafield><datafield ind1='0' ind2='8' tag='776'><subfield code='i'>Online version:</subfield><subfield code='t'>Japanese ghosts &amp; demons.</subfield><subfield code='b'>1st ed.</subfield><subfield code='d'>New York : G. Braziller ; Lawrence : Spencer Museum of Art, University of Kansas, 1985</subfield><subfield code='w'>(OCoLC)619870552</subfield></datafield><datafield ind1='0' ind2=' ' tag='852'><subfield code='c'>HDW</subfield><subfield code='h'>N7353.5</subfield><subfield code='i'>.J35 1985</subfield><subfield code='m'>FOLIO</subfield><subfield code='0'>14667442</subfield><subfield code='b'>scsbhl</subfield></datafield><datafield ind1=' ' ind2=' ' tag='876'><subfield code='0'>14667442</subfield><subfield code='a'>21067842</subfield><subfield code='h'> </subfield><subfield code='j'>Available</subfield><subfield code='k'>HYL</subfield><subfield code='p'>32044060097813</subfield><subfield code='x'>Uncommittable</subfield><subfield code='z'>HY</subfield><subfield code='l'>HD</subfield></datafield></record>