
<record><leader>01025cam a22003131u 4500</leader><controlfield tag='001'>SCSB-12676142</controlfield><controlfield tag='005'>20181022133930.0</controlfield><controlfield tag='008'>800827s1980    nyua     b    00110beng  </controlfield><controlfield tag='009'>990009405110203941</controlfield><datafield ind1=' ' ind2=' ' tag='010'><subfield code='a'>^^^80005560^</subfield></datafield><datafield ind1=' ' ind2=' ' tag='020'><subfield code='a'>0028719700</subfield></datafield><datafield ind1=' ' ind2=' ' tag='035'><subfield code='a'>(OCoLC)6708701</subfield><subfield code='z'>(OCoLC)993279288</subfield><subfield code='z'>(OCoLC)1008541900</subfield><subfield code='z'>(OCoLC)1029368310</subfield></datafield><datafield ind1=' ' ind2=' ' tag='040'><subfield code='a'>DLC</subfield><subfield code='c'>DLC</subfield><subfield code='d'>m.c.</subfield></datafield><datafield ind1=' ' ind2=' ' tag='043'><subfield code='a'>e-ru---</subfield></datafield><datafield ind1='0' ind2='0' tag='050'><subfield code='a'>GV1785.P3</subfield><subfield code='b'>L39</subfield></datafield><datafield ind1='1' ind2=' ' tag='100'><subfield code='a'>Lazzarini, John</subfield></datafield><datafield ind1='1' ind2='0' tag='245'><subfield code='a'>Pavlova :</subfield><subfield code='b'>repertoire of a legend /</subfield><subfield code='c'>John and Roberta Lazzarini.</subfield></datafield><datafield ind1=' ' ind2=' ' tag='260'><subfield code='a'>New York :</subfield><subfield code='b'>Schirmer Books ;</subfield><subfield code='a'>London :</subfield><subfield code='b'>Collier Macmillan,</subfield><subfield code='c'>c1980.</subfield></datafield><datafield ind1=' ' ind2=' ' tag='300'><subfield code='a'>224 p. :</subfield><subfield code='b'>ill. ;</subfield><subfield code='c'>32 cm.</subfield></datafield><datafield ind1=' ' ind2=' ' tag='500'><subfield code='a'>&quot;A Dance Horizons book.&quot;</subfield></datafield><datafield ind1=' ' ind2=' ' tag='500'><subfield code='a'>Includes index.</subfield></datafield><datafield ind1=' ' ind2=' ' tag='504'><subfield code='a'>Bibliography: p. 214-216.</subfield></datafield><datafield ind1='0' ind2=' ' tag='505'><subfield code='a'>Part One: 1892-1911. Biographical sketch -- Images of Pavlova -- &quot;Giselle&quot;: Zulme -- &quot;Esmeralda&quot;: friend of Fleur de Lys -- &quot;The Seasons&quot;: Hoarfrost -- &quot;Harlequinade&quot;: la sérénade &amp; la polonaise -- &quot;Bluebeard&quot;: Venus -- &quot;The Sleeping Beauty&quot;: Florine -- &quot;The Awakening of Flora&quot;: Flora -- &quot;King Candaule&quot;: Diana -- &quot;Camargo&quot;: Snow &amp; Pas de Trois -- &quot;The Magic Flute&quot;: Lise -- &quot;Javotte&quot;: pas d&apos;ensemble -- &quot;Carmen&quot;: Olé -- &quot;The Demon&quot;: Lezghinka -- &quot;Raymonda&quot;: Henrietta -- &quot;La Bayadère&quot;: Shade -- &quot;La Bayadère&quot;: Nikiya -- &quot;The Fairy Doll&quot;: Spanish doll -- &quot;Coppélia&quot;: friend of Swanhilda -- &quot;The Magic Mirror&quot;: pas de toris suisse -- &quot;Giselle&quot;: Giselle -- &quot;The Naiad and the Fiserhman&quot;: Naiad -- &quot;Paquita&quot;: pas de trois -- &quot;Le Corsaire&quot;: Gulnare -- &quot;Paquita&quot;: Paquita -- &quot;Le Corsaire&quot;: Medora -- &quot;Don Quixote&quot;: Kitri -- &quot;Daughter of the Pharaoh&quot;: Bint-Anta -- &quot;Raymonda&quot;: Panderos -- &quot;Don Quixote&quot;: Mercedes -- &quot;Le Pavillon d&apos;Armide&quot;: Armida -- &quot;Chopiniana&quot;: pas de deux -- &quot;The Swan&quot; [divertissement] -- &quot;Swan Lake&quot;: Odette -- &quot;La Fille Mal Gardée&quot;: Lise -- &quot;Giselle&quot;: Giselle -- &quot;Les Sylphides&quot;: Sylphide -- &quot;Cléopâtra&quot;: Ta-Hor -- &quot;Le Festin&quot;: pas de deux -- &quot;Russian Dance&quot; [divertissement] -- &quot;Coppélia&quot;: Swanhilda -- &quot;Pas de Deux&quot; [divertissement] -- &quot;Valse Caprice&quot; [divertissement] -- &quot;Bacchanale&quot; [divertissement] -- &quot;The Legend of Azyiade&quot;: Azyiade -- &quot;Souvenir d&apos;Espagna&quot; [divertissement] -- &quot;Le Papillon&quot; [divertissement] -- &quot;L&apos;Oiseau d&apos;Or&quot; [divertissement] -- &quot;La Rose Mourante&quot; [divertissement].</subfield></datafield><datafield ind1='0' ind2=' ' tag='505'><subfield code='a'>Part Two: 1912-1930. &quot;Amarilla&quot;: Amarilla -- &quot;En Orange&quot; [divertissement] -- &quot;Coquetterie de Colombine&quot; [divertissement] -- &quot;New Gavotte Pavlova&quot; [divertissement] -- &quot;The Dumb Girl of Portici&quot;: Fenella -- &quot;The Sleeping Beauty&quot;: Aurora -- &quot;Dragonfly&quot; [divertissement] -- &quot;Gavoté&quot; [divertissement] -- &quot;Petite Danse Russe&quot; [divertissement] -- &quot;Pas de Trois&quot; [divertissement] -- &quot;Les Préludes&quot;: Spirit of Love -- &quot;Walpurgis Night&quot;: Helen of Troy -- &quot;Invitation to the Dance&quot;: debutante -- &quot;Christmas&quot;: [divertissement] -- &quot;Raymonda&quot;: Raymonda -- &quot;Orpheus&quot;: shadow -- &quot;La Péri&quot;: Péri -- &quot;Snowflakes&quot;: Queen of the Snow -- &quot;Mexican Dances&quot;: Mexican girl -- &quot;Giselle&quot;: Giselle -- &quot;The Fauns&quot;: Bacchante -- &quot;Russian Dance&quot; [divertissement] -- &quot;Egyptian Ballet&quot;: priestess -- &quot;The Fairy Doll&quot;: fairy doll -- &quot;Ajanta&apos;s Frescoes&quot;: Oriental maiden -- &quot;Japanese Dances&quot;: Japanese girl -- &quot;Krishna and Radha&quot;: Radha -- &quot;Don Quixote&quot;: Kitri -- &quot;Dance of the Hours&quot; [divertissement] -- &quot;Californian Poppy&quot; [divertissement] -- &quot;An Old Russian Folk Lore&quot;: enchanted bird-princess -- &quot;Chopiniana&quot;: Sylphide -- &quot;Dionysus&quot;: High Priestess -- &quot;Rondino&quot;: [divertissement] -- &quot;Au Bal&quot;: [divertissement] -- &quot;La Fille Mal Gardée&quot;: Lise -- &quot;Autumn Leaves&quot;: Chrystanthemum -- Finale.</subfield></datafield><datafield ind1=' ' ind2=' ' tag='520'><subfield code='a'>Pavlova&apos;s life was her art. When Pavlova first appeared at the Metropolitan Opera House in 1910, ballet in America was such a novelty that the Met declined to sanction an entire evening of dance. Her Metropolitan début, as Swanilda in &quot;Coppélia&quot;, took place after a Massenet opera and the departure of a third of the audience. Nonetheless, she scored a triumph. Form 1912 until 1931, Pavlova toured the world, gaining an international reputation of unparalleled magnitude and performing unceasingly to enthusiastic receptions. From Pavlova&apos;s vast repertoire the Lazzarinis document some ninety of her roles. By presenting their extraordinary collection of photographs in chronological sequence, they give a vivid record of the evolution of Pavlova&apos;s artistry and of the progress of a life spent on the stages of the world. From the first photograph of Pavlova as a pupil in 1892, to what is probably the last stage shot taken in 1930, two months before her death, &quot;Pavlova&quot; is the most detailed and comprehensive account of her career eve rpublished. -- From publisher&apos;s descirption.</subfield></datafield><datafield ind1='1' ind2='0' tag='600'><subfield code='a'>Pavlova, Anna,</subfield><subfield code='d'>1881-1931</subfield></datafield><datafield ind1=' ' ind2='0' tag='650'><subfield code='a'>Ballet dancers</subfield><subfield code='z'>Soviet Union</subfield><subfield code='v'>Biography</subfield></datafield><datafield ind1=' ' ind2='7' tag='655'><subfield code='a'>collective biographies.</subfield><subfield code='2'>aat</subfield></datafield><datafield ind1=' ' ind2='7' tag='655'><subfield code='a'>Biographies</subfield><subfield code='2'>fast</subfield><subfield code='0'>(OCoLC)fst01919896</subfield></datafield><datafield ind1=' ' ind2='7' tag='655'><subfield code='a'>Biographies</subfield><subfield code='2'>lcgft</subfield></datafield><datafield ind1=' ' ind2='7' tag='655'><subfield code='a'>Biographies.</subfield><subfield code='2'>rvmgf</subfield></datafield><datafield ind1='1' ind2=' ' tag='700'><subfield code='a'>Lazzarini, Roberta,</subfield><subfield code='e'>joint author.</subfield></datafield><datafield ind1='2' ind2=' ' tag='710'><subfield code='a'>John Milton and Ruth Neils Ward Collection (Harvard Theatre Collection)</subfield><subfield code='5'>the</subfield></datafield><datafield ind1='1' ind2=' ' tag='583'><subfield code='a'>committed to retain</subfield><subfield code='c'>20181001</subfield><subfield code='d'>in perpetuity</subfield><subfield code='f'>ReCAP Shared Collection</subfield><subfield code='5'>HUL</subfield><subfield code='8'>221787767350003941</subfield></datafield><datafield ind1='0' ind2=' ' tag='852'><subfield code='c'>HD</subfield><subfield code='h'>GV1785.P3</subfield><subfield code='i'>L39</subfield><subfield code='0'>13520847</subfield><subfield code='b'>scsbhl</subfield></datafield><datafield ind1=' ' ind2=' ' tag='876'><subfield code='0'>13520847</subfield><subfield code='a'>19340889</subfield><subfield code='h'> </subfield><subfield code='j'>Available</subfield><subfield code='k'>WID</subfield><subfield code='p'>HXQAHL</subfield><subfield code='x'>Shared</subfield><subfield code='z'>HW</subfield><subfield code='l'>HD</subfield></datafield></record>