
<record><leader>01007nam a22003614a 4500</leader><controlfield tag='001'>SCSB-11836836</controlfield><controlfield tag='005'>20020606104010.5</controlfield><controlfield tag='008'>011012s2001    oncac         001|0ceng  </controlfield><controlfield tag='009'>990087515280203941</controlfield><datafield ind1=' ' ind2=' ' tag='010'><subfield code='a'>^^2001334691</subfield></datafield><datafield ind1=' ' ind2=' ' tag='016'><subfield code='a'>009332316</subfield></datafield><datafield ind1=' ' ind2=' ' tag='020'><subfield code='a'>092900339X</subfield></datafield><datafield ind1=' ' ind2=' ' tag='035'><subfield code='a'>(OCoLC)46936502</subfield><subfield code='z'>(OCoLC)46616917</subfield><subfield code='z'>(OCoLC)700045044</subfield></datafield><datafield ind1=' ' ind2=' ' tag='040'><subfield code='a'>DLC</subfield><subfield code='c'>DLC</subfield><subfield code='d'>NLC</subfield></datafield><datafield ind1=' ' ind2=' ' tag='042'><subfield code='a'>pcc</subfield></datafield><datafield ind1=' ' ind2=' ' tag='043'><subfield code='a'>n-cn---</subfield></datafield><datafield ind1='0' ind2='0' tag='050'><subfield code='a'>GV1625</subfield><subfield code='b'>.W97 2001</subfield></datafield><datafield ind1='0' ind2='1' tag='055'><subfield code='a'>GV1625</subfield></datafield><datafield ind1='0' ind2=' ' tag='082'><subfield code='a'>792.8/0971</subfield><subfield code='2'>21</subfield></datafield><datafield ind1='1' ind2=' ' tag='100'><subfield code='a'>Wyman, Max,</subfield><subfield code='d'>1939-</subfield></datafield><datafield ind1='1' ind2='0' tag='245'><subfield code='a'>Max Wyman revealing dance :</subfield><subfield code='b'>selected writings, 1970&apos;s-2001.</subfield></datafield><datafield ind1='3' ind2='0' tag='246'><subfield code='a'>Revealing dance</subfield></datafield><datafield ind1=' ' ind2=' ' tag='260'><subfield code='a'>Toronto :</subfield><subfield code='b'>Dance Collection Danse Press/es,</subfield><subfield code='c'>c2001.</subfield></datafield><datafield ind1=' ' ind2=' ' tag='300'><subfield code='a'>320 p. :</subfield><subfield code='b'>ill., ports. ;</subfield><subfield code='c'>23 cm.</subfield></datafield><datafield ind1=' ' ind2=' ' tag='500'><subfield code='a'>Includes index.</subfield></datafield><datafield ind1='0' ind2=' ' tag='505'><subfield code='a'>Introduction -- On criticism part I -- Sex in the art of dance -- Perceptions of celebrity -- Dance laid bare (in the cause of art, naturally) -- All the rink&apos;s a stage -- Remembered Moments : Dancecorps -- This computer loves to dance -- On tour with the RWB [Royal Winnipeg Ballet] in the Orient -- The real Swan Lake stands up -- Canada : showing the world the way -- Remembered Moments : Louise Lecavalier -- This dance company ventures out alone -- Frankly Franca : Celia speaks out -- Judith Marcuse : fresh, unexpected -- Evelyn Hart : a dancer to watch for -- Toronto dancers : a circus of delights -- Four Vancouver dance groups -- Lynn Seymour : landing on her feet -- Remembered Moments : David Earle -- Evelyn Hart : success descends -- Montreal captures the spirit of dance -- Romeo and Juliet : RWB&apos;s big gamble -- Alberta Ballet : a cheeky affair -- Françoise Sullivan : ahead of her time -- Geneviève Salbaing : making a case for jazz -- Remembered Moments : Peter Bingham --^</subfield></datafield><datafield ind1='0' ind2=' ' tag='505'><subfield code='a'>Édouard Lock : on the crest of a wave -- John Cage : difficult inquiries -- Vancouver new dance : setting the pace -- Karen Kain : into her prime -- Arnold Spohr: His Eminence -- Remembered Moments : Denise Fujiwara -- Evelyn Hart : true to her roots -- Margie Gillis : a discussion -- Marie Chouinard : tapping the elemental -- The first Canada Dance Festival -- Remembered Moments : Ruth Cansfield -- On criticism part II -- Montréal Danse : a city&apos;s showcase -- Henny Jurriens : provoking curiosity -- Danny Grossman : social artist -- Grant Strate : doing all right -- Reid Anderson : home to the National -- Anna Wyman : dance theatre -- David Peregrine -- Édouard Lock : New Demons -- Remembered Moments : Karen Jamieson -- Karen Jamieson : crossing boundaries -- Gweneth Lloyd : The Wise Virgins -- Jumpstart : mixing materials -- On criticism part III -- Tedd Robinson : moving on -- Brouhaha at the ballet -- John Meehan : a bamboo strength -- 1990 Canada Dance Festival --^</subfield></datafield><datafield ind1='0' ind2=' ' tag='505'><subfield code='a'>Paul-André Fortier : Les Mâles Heures -- John Cripton : wooing the Russians -- Remembered Moments : Danny Grossman -- Ginette Laurin : more than just shock -- Remembered Moments : Acton and Lanthier -- Chan Hon Goh : a talent emerges -- Ginette Laurin : La Chambre Blanche -- John Alleyne : new directions -- Jean-Pierre Perreault : full creative flood -- 1994 Canada Dance Festival -- Alberta Ballet : unsung heroes -- On criticism part IV -- Peggy Baker : independent woman -- 1996 Canada Dance Festival -- Kimberly Glasco versus The National Ballet -- Max Wyman : a biography.</subfield></datafield><datafield ind1=' ' ind2='0' tag='650'><subfield code='a'>Dance</subfield><subfield code='z'>Canada</subfield></datafield><datafield ind1=' ' ind2='0' tag='650'><subfield code='a'>Dancers</subfield><subfield code='z'>Canada</subfield><subfield code='v'>Biography</subfield></datafield><datafield ind1=' ' ind2='0' tag='650'><subfield code='a'>Dance companies</subfield><subfield code='z'>Canada.</subfield></datafield><datafield ind1=' ' ind2='6' tag='650'><subfield code='a'>Danse</subfield><subfield code='z'>Canada.</subfield></datafield><datafield ind1=' ' ind2='6' tag='650'><subfield code='a'>Danse</subfield><subfield code='z'>Canada</subfield><subfield code='v'>Biographies.</subfield></datafield><datafield ind1=' ' ind2='6' tag='650'><subfield code='a'>Compagnies de danse</subfield><subfield code='z'>Canada.</subfield></datafield><datafield ind1=' ' ind2='7' tag='655'><subfield code='a'>Biographies</subfield><subfield code='2'>fast</subfield></datafield><datafield ind1='2' ind2='7' tag='610'><subfield code='a'>Staatstheater Nürnberg</subfield><subfield code='b'>Ballett</subfield><subfield code='2'>gnd</subfield></datafield><datafield ind1=' ' ind2='7' tag='648'><subfield code='a'>Geschichte 1970-2001.</subfield><subfield code='2'>swd</subfield></datafield><datafield ind1='1' ind2=' ' tag='583'><subfield code='a'>committed to retain</subfield><subfield code='c'>20181001</subfield><subfield code='d'>in perpetuity</subfield><subfield code='f'>ReCAP Shared Collection</subfield><subfield code='5'>HUL</subfield><subfield code='8'>222052968960003941</subfield></datafield><datafield ind1='0' ind2=' ' tag='852'><subfield code='c'>HD</subfield><subfield code='h'>GV1625</subfield><subfield code='i'>.W97 2001</subfield><subfield code='0'>12657323</subfield><subfield code='b'>scsbhl</subfield></datafield><datafield ind1=' ' ind2=' ' tag='876'><subfield code='0'>12657323</subfield><subfield code='a'>18442788</subfield><subfield code='h'> </subfield><subfield code='j'>Available</subfield><subfield code='k'>WID</subfield><subfield code='p'>HXETEG</subfield><subfield code='x'>Shared</subfield><subfield code='z'>HW</subfield><subfield code='l'>HD</subfield></datafield></record>