
<record><leader>00000cam a22004458a 4500</leader><controlfield tag='001'>SCSB-10808279</controlfield><controlfield tag='005'>20090206141634.0</controlfield><controlfield tag='008'>060620s2006    gw a     bq   000 0deng  </controlfield><controlfield tag='009'>990113926000203941</controlfield><datafield ind1=' ' ind2=' ' tag='015'><subfield code='a'>GBA658213</subfield><subfield code='2'>bnb</subfield></datafield><datafield ind1='7' ind2=' ' tag='016'><subfield code='a'>013500569</subfield><subfield code='2'>Uk</subfield></datafield><datafield ind1=' ' ind2=' ' tag='020'><subfield code='a'>3822821179 (pbk.)</subfield></datafield><datafield ind1=' ' ind2=' ' tag='020'><subfield code='a'>9783822821176 (pbk.)</subfield></datafield><datafield ind1=' ' ind2=' ' tag='035'><subfield code='a'>(OCoLC)518523375</subfield><subfield code='z'>(OCoLC)70264744</subfield></datafield><datafield ind1=' ' ind2=' ' tag='040'><subfield code='a'>UKM</subfield><subfield code='c'>UKM</subfield><subfield code='d'>BAKER</subfield><subfield code='d'>YDXCP</subfield><subfield code='d'>OSU</subfield><subfield code='d'>VP@</subfield><subfield code='d'>BTCTA</subfield><subfield code='d'>OCLCQ</subfield></datafield><datafield ind1='0' ind2=' ' tag='041'><subfield code='a'>enggerfre</subfield></datafield><datafield ind1=' ' ind2=' ' tag='043'><subfield code='a'>n-us---</subfield></datafield><datafield ind1=' ' ind2='4' tag='050'><subfield code='a'>PN2287.M69</subfield><subfield code='b'>F44 2006</subfield></datafield><datafield ind1='0' ind2='4' tag='082'><subfield code='a'>791.43028092</subfield><subfield code='2'>22</subfield></datafield><datafield ind1=' ' ind2=' ' tag='090'><subfield code='a'>PN2287.M69</subfield><subfield code='b'>A2 2006</subfield></datafield><datafield ind1='1' ind2=' ' tag='100'><subfield code='a'>Feeney, F. X.</subfield></datafield><datafield ind1='1' ind2='0' tag='245'><subfield code='a'>Monroe /</subfield><subfield code='c'>editor, Paul Duncan ; text, F.X. Feeney ; photos, the Kobal Collection.</subfield></datafield><datafield ind1=' ' ind2=' ' tag='260'><subfield code='a'>Köln ;</subfield><subfield code='a'>Los Angeles :</subfield><subfield code='b'>Taschen,</subfield><subfield code='c'>2006.</subfield></datafield><datafield ind1=' ' ind2=' ' tag='300'><subfield code='a'>192 p. :</subfield><subfield code='b'>ill. (some col.) ;</subfield><subfield code='c'>20 cm.</subfield></datafield><datafield ind1='1' ind2=' ' tag='490'><subfield code='a'>Hollywood icon series</subfield></datafield><datafield ind1=' ' ind2=' ' tag='500'><subfield code='a'>At head of title: Movie icons.</subfield></datafield><datafield ind1=' ' ind2=' ' tag='504'><subfield code='a'>Includes bibliographical references (p. 192).</subfield></datafield><datafield ind1=' ' ind2=' ' tag='504'><subfield code='a'>Filmography.</subfield></datafield><datafield ind1=' ' ind2=' ' tag='546'><subfield code='a'>Text in English, German and French.</subfield></datafield><datafield ind1='1' ind2='0' tag='600'><subfield code='a'>Monroe, Marilyn,</subfield><subfield code='d'>1926-1962</subfield></datafield><datafield ind1=' ' ind2='0' tag='650'><subfield code='a'>Motion picture actors and actresses</subfield><subfield code='z'>United States</subfield><subfield code='v'>Biography</subfield><subfield code='v'>Pictorial works.</subfield></datafield><datafield ind1=' ' ind2='7' tag='655'><subfield code='a'>Biographies</subfield><subfield code='2'>fast</subfield><subfield code='0'>(OCoLC)fst01919896</subfield></datafield><datafield ind1=' ' ind2='7' tag='655'><subfield code='a'>Pictorial works</subfield><subfield code='2'>fast</subfield><subfield code='0'>(OCoLC)fst01423874</subfield></datafield><datafield ind1='1' ind2=' ' tag='700'><subfield code='a'>Duncan, Paul,</subfield><subfield code='d'>1964-</subfield></datafield><datafield ind1='2' ind2=' ' tag='710'><subfield code='a'>Kobal Collection.</subfield></datafield><datafield ind1=' ' ind2='0' tag='830'><subfield code='a'>Hollywood icon series.</subfield></datafield><datafield ind1='1' ind2=' ' tag='583'><subfield code='a'>committed to retain</subfield><subfield code='c'>20181001</subfield><subfield code='d'>in perpetuity</subfield><subfield code='f'>ReCAP Shared Collection</subfield><subfield code='5'>HUL</subfield><subfield code='8'>222124326060003941</subfield></datafield><datafield ind1='0' ind2=' ' tag='852'><subfield code='c'>HD</subfield><subfield code='h'>PN2287.M69</subfield><subfield code='i'>A2 2006</subfield><subfield code='0'>11598515</subfield><subfield code='b'>scsbhl</subfield></datafield><datafield ind1=' ' ind2=' ' tag='876'><subfield code='0'>11598515</subfield><subfield code='a'>17343160</subfield><subfield code='h'> </subfield><subfield code='j'>Available</subfield><subfield code='k'>WID</subfield><subfield code='p'>32044105307953</subfield><subfield code='x'>Shared</subfield><subfield code='z'>HW</subfield><subfield code='l'>HD</subfield></datafield></record>