
<record><leader>03028cjm a2200517Ia 4500</leader><controlfield tag='001'>SCSB-5060081</controlfield><controlfield tag='003'>NNC</controlfield><controlfield tag='005'>20221103041019.0</controlfield><controlfield tag='007'>sd bumennmplue</controlfield><controlfield tag='008'>830719p197u1948xxumun   z          eng d</controlfield><controlfield tag='009'>4801273</controlfield><datafield ind1='0' ind2='2' tag='028'><subfield code='a'>1000/1</subfield><subfield code='b'>Legends</subfield></datafield><datafield ind1='2' ind2='0' tag='033'><subfield code='a'>1948----</subfield><subfield code='a'>1962----</subfield></datafield><datafield ind1=' ' ind2=' ' tag='035'><subfield code='a'>(OCoLC)ocm09714744</subfield></datafield><datafield ind1=' ' ind2=' ' tag='035'><subfield code='a'>(NNC)4801273</subfield></datafield><datafield ind1=' ' ind2=' ' tag='035'><subfield code='a'>4801273</subfield></datafield><datafield ind1=' ' ind2=' ' tag='040'><subfield code='a'>IGA</subfield><subfield code='c'>IGA</subfield><subfield code='d'>OCLCQ</subfield><subfield code='d'>IXA</subfield><subfield code='d'>BGU</subfield><subfield code='d'>NNC</subfield></datafield><datafield ind1=' ' ind2=' ' tag='043'><subfield code='a'>n-us---</subfield></datafield><datafield ind1=' ' ind2=' ' tag='047'><subfield code='a'>pp</subfield><subfield code='a'>mp</subfield></datafield><datafield ind1=' ' ind2=' ' tag='092'><subfield code='a'>784.742</subfield><subfield code='b'>M753M</subfield></datafield><datafield ind1='1' ind2=' ' tag='100'><subfield code='a'>Monroe, Marilyn,</subfield><subfield code='d'>1926-1962,</subfield><subfield code='e'>performer.</subfield><subfield code='4'>http://id.loc.gov/vocabulary/relators/prf</subfield><subfield code='0'>http://id.loc.gov/authorities/names/n79055651</subfield></datafield><datafield ind1='1' ind2='0' tag='245'><subfield code='a'>Marilyn Monroe.</subfield></datafield><datafield ind1=' ' ind2=' ' tag='260'><subfield code='a'>[United States] :</subfield><subfield code='b'>Legends,</subfield><subfield code='c'>[between 1970 and 1979?]</subfield></datafield><datafield ind1=' ' ind2=' ' tag='300'><subfield code='a'>1 audio disc :</subfield><subfield code='b'>analog, 33 1/3 rpm ;</subfield><subfield code='c'>12 in.</subfield></datafield><datafield ind1=' ' ind2=' ' tag='336'><subfield code='a'>performed music</subfield><subfield code='b'>prm</subfield><subfield code='2'>rdacontent</subfield></datafield><datafield ind1=' ' ind2=' ' tag='337'><subfield code='a'>audio</subfield><subfield code='b'>s</subfield><subfield code='2'>rdamedia</subfield></datafield><datafield ind1='0' ind2=' ' tag='511'><subfield code='a'>Popular songs and songs from motion pictures; Marilyn Monroe, with various ensembles.</subfield></datafield><datafield ind1='0' ind2=' ' tag='505'><subfield code='a'>1954 recording session: A fine romance ; Like a woman should ; You\u0027d be surprised -- Love happy (film scene), 1949 -- Royal Triton TV commercial -- Ladies of the chorus, 1948: Anyone can see I love you -- The river of no return (1954) (film score and songs, Down in the meadow) -- Gentlemen prefer blondes (1953): Little girl from Little Rock (with Jane Russell) -- The Jack Benny Show, Sept. 13, 1953 : Bye bye baby -- Marilyn in Korea, 1954: Diamonds are a girl\u0027s best friend -- How to marry a millionaire, 1963 (film scene) -- Niagara, 1952: (film scene) -- The seven year itch, 1955 (film scene) -- There\u0027s no business like show business, 1954 (A man chases a girl) (with Donald O\u0027Connor) -- Marilyn accepts 1952 Photoplay award -- Marilyn meets the press -- Bus stop, 1956: That old black magic -- The prince and the show girl, 1957 (scene and songs, I found a dream) -- Some like it hot, 1959 (scene and song, Some like it hot) -- JFK birthday party : Happy birthday ; Thanks for the memory -- Something\u0027s gotta give, 1962 (film scene).</subfield></datafield><datafield ind1=' ' ind2='0' tag='650'><subfield code='a'>Motion picture music</subfield><subfield code='v'>Excerpts.</subfield><subfield code='0'>http://id.loc.gov/authorities/subjects/sh85088057</subfield></datafield><datafield ind1=' ' ind2='0' tag='650'><subfield code='a'>Popular music.</subfield><subfield code='0'>http://id.loc.gov/authorities/subjects/sh85088865</subfield></datafield><datafield ind1='1' ind2=' ' tag='700'><subfield code='a'>Russell, Jane,</subfield><subfield code='d'>1921-2011,</subfield><subfield code='e'>performer.</subfield><subfield code='4'>http://id.loc.gov/vocabulary/relators/prf</subfield><subfield code='0'>http://id.loc.gov/authorities/names/n85026279</subfield></datafield><datafield ind1='1' ind2=' ' tag='700'><subfield code='a'>O\u0027Connor, Donald,</subfield><subfield code='d'>1925-2003,</subfield><subfield code='e'>performer.</subfield><subfield code='4'>http://id.loc.gov/vocabulary/relators/prf</subfield><subfield code='0'>http://id.loc.gov/authorities/names/n87911731</subfield></datafield><datafield ind1='0' ind2='2' tag='740'><subfield code='a'>Fine romance.</subfield></datafield><datafield ind1='0' ind2='2' tag='740'><subfield code='a'>Like a woman should.</subfield></datafield><datafield ind1='0' ind2='2' tag='740'><subfield code='a'>You\u0027d be surprised.</subfield></datafield><datafield ind1='0' ind2='2' tag='740'><subfield code='a'>Anyone can see I love you.</subfield></datafield><datafield ind1='0' ind2='2' tag='740'><subfield code='a'>Down in the meadow.</subfield></datafield><datafield ind1='0' ind2='2' tag='740'><subfield code='a'>Little girl from Little Rock.</subfield></datafield><datafield ind1='0' ind2='2' tag='740'><subfield code='a'>Bye bye baby.</subfield></datafield><datafield ind1='0' ind2='2' tag='740'><subfield code='a'>Diamonds are a girl\u0027s best friend.</subfield></datafield><datafield ind1='0' ind2='2' tag='740'><subfield code='a'>Man chases a girl.</subfield></datafield><datafield ind1='0' ind2='2' tag='740'><subfield code='a'>That old black magic.</subfield></datafield><datafield ind1='0' ind2='2' tag='740'><subfield code='a'>I found a dream.</subfield></datafield><datafield ind1='0' ind2='2' tag='740'><subfield code='a'>Happy birthday.</subfield></datafield><datafield ind1='0' ind2='2' tag='740'><subfield code='a'>Thanks for the memory.</subfield></datafield><datafield ind1='0' ind2='2' tag='740'><subfield code='a'>Some like it hot.</subfield></datafield><datafield ind1='8' ind2='0' tag='852'><subfield code='h'>JS1271</subfield><subfield code='0'>5044199</subfield><subfield code='b'>scsbcul</subfield></datafield><datafield ind1=' ' ind2=' ' tag='876'><subfield code='0'>5044199</subfield><subfield code='a'>7589072</subfield><subfield code='h'>In Library Use</subfield><subfield code='j'>Available</subfield><subfield code='p'>MR59424370</subfield><subfield code='t'>1</subfield><subfield code='x'>Shared</subfield><subfield code='z'>MR</subfield><subfield code='l'>RECAP</subfield></datafield></record>