
<record><leader>01116cam a2200289I  4500</leader><controlfield tag='001'>SCSB-6031574</controlfield><controlfield tag='003'>OCoLC</controlfield><controlfield tag='005'>19990222071730.9</controlfield><controlfield tag='008'>790922s1916    oku      b   s000 0 eng  </controlfield><controlfield tag='009'>.b126743460</controlfield><datafield ind1=' ' ind2=' ' tag='010'><subfield code='a'>16027391 //r572</subfield></datafield><datafield ind1=' ' ind2=' ' tag='040'><subfield code='a'>DLC</subfield><subfield code='c'>CLE</subfield><subfield code='d'>NYP</subfield><subfield code='d'>WaOLN</subfield></datafield><datafield ind1=' ' ind2=' ' tag='049'><subfield code='a'>NYPL</subfield></datafield><datafield ind1=' ' ind2='0' tag='050'><subfield code='a'>JX1425</subfield><subfield code='b'>.O6</subfield></datafield><datafield ind1='2' ind2=' ' tag='110'><subfield code='a'>University of Oklahoma.</subfield><subfield code='b'>Dept. of Public Discussion and Debate.</subfield></datafield><datafield ind1='0' ind2='0' tag='245'><subfield code='a'>Monroe doctrine.</subfield></datafield><datafield ind1=' ' ind2=' ' tag='260'><subfield code='a'>Norman,</subfield><subfield code='c'>1916.</subfield></datafield><datafield ind1=' ' ind2=' ' tag='300'><subfield code='a'>146 p.</subfield><subfield code='c'>22 cm.</subfield></datafield><datafield ind1='1' ind2=' ' tag='490'><subfield code='a'>University of Oklahoma bulletin,</subfield><subfield code='v'>new ser., no. 111. University extension series, no. 28</subfield></datafield><datafield ind1=' ' ind2=' ' tag='500'><subfield code='a'>Cover title.</subfield></datafield><datafield ind1=' ' ind2=' ' tag='504'><subfield code='a'>Bibliography: p. [140]-146.</subfield></datafield><datafield ind1=' ' ind2='0' tag='650'><subfield code='a'>Monroe doctrine.</subfield></datafield><datafield ind1='2' ind2=' ' tag='810'><subfield code='a'>University of Oklahoma.</subfield><subfield code='t'>University extension series ;</subfield><subfield code='v'>no. 28.</subfield></datafield><datafield ind1=' ' ind2=' ' tag='907'><subfield code='a'>.b126743460</subfield><subfield code='c'>m</subfield><subfield code='d'>a</subfield><subfield code='e'>-</subfield><subfield code='f'>eng</subfield><subfield code='g'>oku</subfield><subfield code='h'>0</subfield><subfield code='i'>1</subfield></datafield><datafield ind1=' ' ind2=' ' tag='035'><subfield code='a'>(OCoLC)5399926</subfield></datafield><datafield ind1=' ' ind2=' ' tag='901'><subfield code='a'>002a3bb0-5e8d-4098-8b59-025ea64f6e7a</subfield><subfield code='b'>13</subfield><subfield code='c'>false</subfield></datafield><datafield ind1='8' ind2=' ' tag='852'><subfield code='h'>ICG (Oklahoma. University. Public Discussion and Debate Department. Monroe doctrine)</subfield><subfield code='0'>6046691</subfield><subfield code='b'>scsbnypl</subfield></datafield><datafield ind1=' ' ind2=' ' tag='876'><subfield code='0'>6046691</subfield><subfield code='a'>9913474</subfield><subfield code='j'>Available</subfield><subfield code='p'>33433068170731</subfield><subfield code='t'>1</subfield><subfield code='x'>Shared</subfield><subfield code='z'>NA</subfield><subfield code='l'>RECAP</subfield></datafield></record>