
<record><leader>00000nam  2200265u  4500</leader><controlfield tag='001'>SCSB-9741007</controlfield><controlfield tag='003'>OCoLC</controlfield><controlfield tag='005'>20000818115947.9</controlfield><controlfield tag='007'>hd bfb---baca</controlfield><controlfield tag='008'>000815s1917    nyuab   a     000 0 eng dnamK  </controlfield><controlfield tag='009'>.b147960101</controlfield><datafield ind1='2' ind2=' ' tag='110'><subfield code='a'>American Committee for Relief in the Near East.</subfield></datafield><datafield ind1=' ' ind2='4' tag='650'><subfield code='a'>World War, 1914-1918</subfield><subfield code='x'>Atrocities, Armenia.</subfield></datafield><datafield ind1=' ' ind2='4' tag='650'><subfield code='a'>World War, 1914-1918</subfield><subfield code='x'>Hospitals, charities, etc.</subfield></datafield><datafield ind1=' ' ind2=' ' tag='500'><subfield code='a'>&quot;To those who wish to know more of the subject&quot;, p. 45-47.</subfield></datafield><datafield ind1=' ' ind2=' ' tag='533'><subfield code='a'>Microfilm.</subfield><subfield code='b'>New York, N.Y.:</subfield><subfield code='c'>New York Public Library,</subfield><subfield code='d'>19--.</subfield></datafield><datafield ind1=' ' ind2=' ' tag='260'><subfield code='a'>[New York:</subfield><subfield code='b'>Amer. Committee for Armenian and Syrian Relief,</subfield><subfield code='c'>1917?]</subfield></datafield><datafield ind1=' ' ind2=' ' tag='300'><subfield code='a'>48 p.</subfield><subfield code='b'>illus. (incl. map)</subfield><subfield code='c'>8vo.</subfield></datafield><datafield ind1='1' ind2='0' tag='245'><subfield code='a'>Armenia ..</subfield><subfield code='h'>[microform]</subfield></datafield><datafield ind1=' ' ind2=' ' tag='040'><subfield code='a'>NYP</subfield><subfield code='c'>NYP</subfield><subfield code='d'>WaOLN</subfield></datafield><datafield ind1=' ' ind2=' ' tag='049'><subfield code='a'>NYPF</subfield></datafield><datafield ind1=' ' ind2=' ' tag='946'><subfield code='a'>r</subfield></datafield><datafield ind1=' ' ind2=' ' tag='997'><subfield code='a'>hf</subfield><subfield code='b'>08-21-00</subfield><subfield code='c'>m</subfield><subfield code='d'>a</subfield><subfield code='e'>-</subfield><subfield code='f'>eng</subfield><subfield code='g'>nyu</subfield><subfield code='h'>0</subfield></datafield><datafield ind1='0' ind2='0' tag='907'><subfield code='a'>.b147960101</subfield></datafield><datafield ind1=' ' ind2=' ' tag='035'><subfield code='a'>(OCoLC)44792023</subfield></datafield><datafield ind1='8' ind2=' ' tag='852'><subfield code='h'>*Z BTZE p.v. 324-329</subfield><subfield code='0'>10383832</subfield><subfield code='b'>scsbnypl</subfield></datafield><datafield ind1=' ' ind2=' ' tag='876'><subfield code='0'>10383832</subfield><subfield code='a'>16117903</subfield><subfield code='h'>In Library Use</subfield><subfield code='j'>Available</subfield><subfield code='p'>33433100634405</subfield><subfield code='t'>1</subfield><subfield code='x'>Shared</subfield><subfield code='z'>NA</subfield><subfield code='l'>RECAP</subfield></datafield></record>