
<record><leader>01175cam a2200349 a 4500</leader><controlfield tag='001'>SCSB-2540011</controlfield><controlfield tag='003'>NNC</controlfield><controlfield tag='005'>20220525193448.0</controlfield><controlfield tag='008'>870210s1981    ru af         000 0 eng  </controlfield><controlfield tag='009'>532146</controlfield><datafield ind1=' ' ind2=' ' tag='010'><subfield code='a'>   82103222 </subfield></datafield><datafield ind1=' ' ind2=' ' tag='020'><subfield code='c'>0.60rub (pbk.)</subfield></datafield><datafield ind1=' ' ind2=' ' tag='035'><subfield code='a'>(OCoLC)8806507</subfield></datafield><datafield ind1=' ' ind2=' ' tag='035'><subfield code='a'>(OCoLC)ocm08806507</subfield></datafield><datafield ind1=' ' ind2=' ' tag='035'><subfield code='a'>(CStRLIN)NYCG87-B12811</subfield></datafield><datafield ind1=' ' ind2=' ' tag='035'><subfield code='9'>ACH4252CU</subfield></datafield><datafield ind1=' ' ind2=' ' tag='035'><subfield code='a'>(NNC)532146</subfield></datafield><datafield ind1=' ' ind2=' ' tag='035'><subfield code='a'>532146</subfield></datafield><datafield ind1=' ' ind2=' ' tag='043'><subfield code='a'>e-ur-ai</subfield></datafield><datafield ind1='0' ind2='0' tag='050'><subfield code='a'>DK511.A68</subfield><subfield code='b'>P47 1981</subfield></datafield><datafield ind1='0' ind2=' ' tag='082'><subfield code='a'>947/.92</subfield><subfield code='2'>19</subfield></datafield><datafield ind1=' ' ind2=' ' tag='090'><subfield code='a'>DK511.A68</subfield><subfield code='b'>P47 1981</subfield></datafield><datafield ind1='1' ind2=' ' tag='100'><subfield code='a'>Petrosi͡an, Gavriil.</subfield><subfield code='0'>http://id.loc.gov/authorities/names/n82085358</subfield></datafield><datafield ind1='1' ind2='0' tag='245'><subfield code='a'>Armenia /</subfield><subfield code='c'>Gavriil Petrosyan.</subfield></datafield><datafield ind1=' ' ind2=' ' tag='260'><subfield code='a'>Moscow :</subfield><subfield code='b'>Novosti Press Agency Pub. House,</subfield><subfield code='c'>1981.</subfield></datafield><datafield ind1=' ' ind2=' ' tag='300'><subfield code='a'>62 pages, 48 unnumbered pages of plates :</subfield><subfield code='b'>illustrations (some color) ;</subfield><subfield code='c'>19 cm.</subfield></datafield><datafield ind1=' ' ind2=' ' tag='336'><subfield code='a'>text</subfield><subfield code='2'>rdacontent</subfield></datafield><datafield ind1=' ' ind2=' ' tag='337'><subfield code='a'>unmediated</subfield><subfield code='2'>rdamedia</subfield></datafield><datafield ind1=' ' ind2=' ' tag='338'><subfield code='a'>volume</subfield><subfield code='2'>rdacarrier</subfield></datafield><datafield ind1='1' ind2=' ' tag='490'><subfield code='a'>Socialist republics of the Soviet Union</subfield></datafield><datafield ind1=' ' ind2='0' tag='651'><subfield code='a'>Armenia (Republic)</subfield><subfield code='0'>http://id.loc.gov/authorities/names/n92057129</subfield></datafield><datafield ind1=' ' ind2='0' tag='830'><subfield code='a'>Socialist republics of the Soviet Union.</subfield><subfield code='0'>http://id.loc.gov/authorities/names/n42036054</subfield></datafield><datafield ind1='0' ind2='0' tag='852'><subfield code='h'>DK511.A68 P47 1981</subfield><subfield code='0'>2516399</subfield><subfield code='b'>scsbcul</subfield></datafield><datafield ind1=' ' ind2=' ' tag='876'><subfield code='0'>2516399</subfield><subfield code='a'>4051022</subfield><subfield code='h'> </subfield><subfield code='j'>Available</subfield><subfield code='p'>CU54919380</subfield><subfield code='t'>1</subfield><subfield code='x'>Shared</subfield><subfield code='z'>CU</subfield><subfield code='l'>RECAP</subfield></datafield></record>