
<record><leader>00587cam a2200217 a 4500</leader><controlfield tag='001'>SCSB-11132904</controlfield><controlfield tag='005'>20041216133057.0</controlfield><controlfield tag='008'>011116s2000    ai ab         000 0 eng  </controlfield><controlfield tag='009'>990088257180203941</controlfield><datafield ind1=' ' ind2=' ' tag='010'><subfield code='a'>^^2001426040</subfield></datafield><datafield ind1=' ' ind2=' ' tag='035'><subfield code='a'>(OCoLC)48579757</subfield></datafield><datafield ind1=' ' ind2=' ' tag='040'><subfield code='a'>DLC</subfield><subfield code='c'>DLC</subfield><subfield code='d'>DLC</subfield></datafield><datafield ind1=' ' ind2=' ' tag='043'><subfield code='a'>a-ai---</subfield></datafield><datafield ind1='0' ind2='0' tag='050'><subfield code='a'>DS175</subfield><subfield code='b'>.A71 2000</subfield></datafield><datafield ind1='0' ind2='0' tag='082'><subfield code='a'>956.6/2</subfield><subfield code='2'>21</subfield></datafield><datafield ind1='0' ind2='0' tag='245'><subfield code='a'>Armenia :</subfield><subfield code='b'>general information.</subfield></datafield><datafield ind1=' ' ind2=' ' tag='260'><subfield code='a'>[s.l. :</subfield><subfield code='b'>s.n.,</subfield><subfield code='c'>2000].</subfield></datafield><datafield ind1=' ' ind2=' ' tag='300'><subfield code='a'>64 p. :</subfield><subfield code='b'>ill. (some col.), maps ;</subfield><subfield code='c'>23 cm.</subfield></datafield><datafield ind1=' ' ind2='0' tag='651'><subfield code='a'>Armenia (Republic)</subfield><subfield code='x'>Description and travel.</subfield></datafield><datafield ind1=' ' ind2='0' tag='651'><subfield code='a'>Armenia</subfield><subfield code='x'>History.</subfield></datafield><datafield ind1='1' ind2=' ' tag='583'><subfield code='a'>committed to retain</subfield><subfield code='c'>20181001</subfield><subfield code='d'>in perpetuity</subfield><subfield code='f'>ReCAP Shared Collection</subfield><subfield code='5'>HUL</subfield><subfield code='8'>222071185480003941</subfield></datafield><datafield ind1='0' ind2=' ' tag='852'><subfield code='c'>HD</subfield><subfield code='h'>DS175</subfield><subfield code='i'>.A71 2000</subfield><subfield code='8'>222071185480003941</subfield><subfield code='0'>11932740</subfield><subfield code='b'>scsbhl</subfield></datafield><datafield ind1=' ' ind2=' ' tag='876'><subfield code='0'>11932740</subfield><subfield code='a'>17690566</subfield><subfield code='j'>Available</subfield><subfield code='k'>WID</subfield><subfield code='p'>HNVSY1</subfield><subfield code='x'>Shared</subfield><subfield code='z'>HW</subfield><subfield code='l'>HD</subfield></datafield></record>