
<record><leader>00000cam a2200265 a 4500</leader><controlfield tag='001'>SCSB-11527264</controlfield><controlfield tag='005'>20150508191841.0</controlfield><controlfield tag='008'>080208s2006    ai ab         000 0 eng d</controlfield><controlfield tag='009'>990142976760203941</controlfield><datafield ind1='7' ind2=' ' tag='016'><subfield code='a'>014517159</subfield><subfield code='2'>Uk</subfield></datafield><datafield ind1=' ' ind2=' ' tag='035'><subfield code='a'>(OCoLC)751033693</subfield></datafield><datafield ind1=' ' ind2=' ' tag='040'><subfield code='a'>UKMGB</subfield><subfield code='b'>eng</subfield><subfield code='c'>UKMGB</subfield><subfield code='d'>YUS</subfield><subfield code='d'>OCLCF</subfield><subfield code='d'>OCLCO</subfield></datafield><datafield ind1=' ' ind2=' ' tag='043'><subfield code='a'>a-ai---</subfield><subfield code='a'>a-aj---</subfield></datafield><datafield ind1=' ' ind2='4' tag='050'><subfield code='a'>DS163</subfield><subfield code='b'>.A76 2006z</subfield></datafield><datafield ind1='0' ind2='0' tag='245'><subfield code='a'>Armenia :</subfield><subfield code='b'>tourism catalogue.</subfield></datafield><datafield ind1=' ' ind2=' ' tag='260'><subfield code='a'>Yerevan :</subfield><subfield code='b'>Edit Print,</subfield><subfield code='c'>[2006?]</subfield></datafield><datafield ind1=' ' ind2=' ' tag='300'><subfield code='a'>[159] p. :</subfield><subfield code='b'>col. ill., col. maps ;</subfield><subfield code='c'>27 cm.</subfield></datafield><datafield ind1=' ' ind2='0' tag='651'><subfield code='a'>Armenia (Republic)</subfield><subfield code='x'>Description and travel.</subfield></datafield><datafield ind1=' ' ind2='0' tag='651'><subfield code='a'>Armenia (Republic)</subfield><subfield code='v'>Guidebooks.</subfield></datafield><datafield ind1=' ' ind2='0' tag='651'><subfield code='a'>Nagorno-Karabakh (Azerbaijan)</subfield><subfield code='x'>Description and travel.</subfield></datafield><datafield ind1=' ' ind2='0' tag='651'><subfield code='a'>Nagorno-Karabakh (Azerbaijan)</subfield><subfield code='v'>Guidebooks.</subfield></datafield><datafield ind1=' ' ind2='7' tag='650'><subfield code='a'>Travel</subfield><subfield code='2'>fast</subfield></datafield><datafield ind1=' ' ind2='7' tag='651'><subfield code='a'>Armenia</subfield><subfield code='2'>fast</subfield></datafield><datafield ind1=' ' ind2='7' tag='655'><subfield code='a'>Guidebooks</subfield><subfield code='2'>fast</subfield></datafield><datafield ind1=' ' ind2=' ' tag='752'><subfield code='a'>Armenia (Republic)</subfield><subfield code='d'>Yerevan.</subfield></datafield><datafield ind1='1' ind2=' ' tag='583'><subfield code='a'>committed to retain</subfield><subfield code='c'>20181001</subfield><subfield code='d'>in perpetuity</subfield><subfield code='f'>ReCAP Shared Collection</subfield><subfield code='5'>HUL</subfield><subfield code='8'>222169618280003941</subfield></datafield><datafield ind1='0' ind2=' ' tag='852'><subfield code='c'>HD</subfield><subfield code='h'>DS163</subfield><subfield code='i'>.A76 2006z</subfield><subfield code='0'>12338649</subfield><subfield code='b'>scsbhl</subfield></datafield><datafield ind1=' ' ind2=' ' tag='876'><subfield code='0'>12338649</subfield><subfield code='a'>18111440</subfield><subfield code='h'> </subfield><subfield code='j'>Available</subfield><subfield code='k'>WID</subfield><subfield code='p'>32044101244754</subfield><subfield code='x'>Shared</subfield><subfield code='z'>HW</subfield><subfield code='l'>HD</subfield></datafield></record>