
<record><leader>02673cam a2200661 a 4500</leader><controlfield tag='001'>SCSB-6681716</controlfield><controlfield tag='003'>OCoLC</controlfield><controlfield tag='005'>20060627120259.0</controlfield><controlfield tag='008'>030626s2004    nyuab  j b    001 0 eng  </controlfield><controlfield tag='009'>.b221601958</controlfield><datafield ind1=' ' ind2=' ' tag='010'><subfield code='a'>  2003014669</subfield></datafield><datafield ind1=' ' ind2=' ' tag='020'><subfield code='a'>0516242571</subfield></datafield><datafield ind1=' ' ind2=' ' tag='040'><subfield code='a'>DLC</subfield><subfield code='c'>DLC</subfield><subfield code='d'>OCO</subfield><subfield code='d'>BNY</subfield><subfield code='d'>UtOrBLW</subfield></datafield><datafield ind1=' ' ind2=' ' tag='043'><subfield code='a'>a-ai---</subfield></datafield><datafield ind1=' ' ind2=' ' tag='049'><subfield code='a'>BNYC</subfield></datafield><datafield ind1='0' ind2='0' tag='050'><subfield code='a'>DK685.6</subfield><subfield code='b'>.H56 2004</subfield></datafield><datafield ind1='0' ind2='0' tag='082'><subfield code='a'>947.56</subfield><subfield code='2'>22</subfield></datafield><datafield ind1=' ' ind2=' ' tag='091'><subfield code='p'>J</subfield><subfield code='a'>947.56</subfield><subfield code='c'>H</subfield></datafield><datafield ind1='1' ind2=' ' tag='100'><subfield code='a'>Hintz, Martin.</subfield></datafield><datafield ind1='1' ind2='0' tag='245'><subfield code='a'>Armenia /</subfield><subfield code='c'>by Martin Hintz.</subfield></datafield><datafield ind1=' ' ind2=' ' tag='260'><subfield code='a'>New York :</subfield><subfield code='b'>Children&apos;s Press,</subfield><subfield code='c'>c2004.</subfield></datafield><datafield ind1=' ' ind2=' ' tag='300'><subfield code='a'>144 p. :</subfield><subfield code='b'>col. ill., col. maps ;</subfield><subfield code='c'>24 cm.</subfield></datafield><datafield ind1='0' ind2=' ' tag='490'><subfield code='a'>Enchantment of the world. Second series</subfield></datafield><datafield ind1=' ' ind2=' ' tag='504'><subfield code='a'>&quot;To find out more&quot; : p. 134-135.</subfield></datafield><datafield ind1=' ' ind2=' ' tag='500'><subfield code='a'>Includes index.</subfield></datafield><datafield ind1=' ' ind2=' ' tag='520'><subfield code='a'>Describes the geography, plants and animals, history, economy, language, religions, culture, sports, arts, and people of Armenia.</subfield></datafield><datafield ind1=' ' ind2='0' tag='651'><subfield code='a'>Armenia (Republic)</subfield></datafield><datafield ind1=' ' ind2=' ' tag='907'><subfield code='a'>.b172055325</subfield><subfield code='c'>m</subfield><subfield code='d'>a</subfield><subfield code='e'>-</subfield><subfield code='f'>eng</subfield><subfield code='g'>nyu</subfield><subfield code='h'>0</subfield><subfield code='i'>21</subfield></datafield><datafield ind1=' ' ind2=' ' tag='035'><subfield code='a'>(OCoLC)52518873</subfield></datafield><datafield ind1='8' ind2=' ' tag='852'><subfield code='h'>ReCAP .b172055325</subfield><subfield code='0'>6763045</subfield><subfield code='b'>scsbnypl</subfield></datafield><datafield ind1=' ' ind2=' ' tag='876'><subfield code='0'>6763045</subfield><subfield code='a'>10917032</subfield><subfield code='j'>Available</subfield><subfield code='p'>33333184267462</subfield><subfield code='t'>1</subfield><subfield code='x'>Shared</subfield><subfield code='z'>NH</subfield><subfield code='l'>RECAP</subfield></datafield></record>