
<record><leader>00458nam a2200181Ia 4500</leader><controlfield tag='001'>SCSB-12996313</controlfield><controlfield tag='005'>20020606090541.3</controlfield><controlfield tag='008'>830413s1982    dk            00010 dan d</controlfield><controlfield tag='009'>990001978240203941</controlfield><datafield ind1=' ' ind2=' ' tag='020'><subfield code='a'>8700672424</subfield></datafield><datafield ind1=' ' ind2=' ' tag='035'><subfield code='a'>(OCoLC)9403587</subfield><subfield code='z'>(OCoLC)17046738</subfield><subfield code='z'>(OCoLC)54758697</subfield></datafield><datafield ind1=' ' ind2=' ' tag='040'><subfield code='a'>EUN</subfield><subfield code='c'>EUN</subfield></datafield><datafield ind1=' ' ind2='4' tag='050'><subfield code='a'>PT8176.24.O55</subfield><subfield code='b'>A75 1982</subfield></datafield><datafield ind1='1' ind2=' ' tag='100'><subfield code='a'>Nordbrandt, Henrik</subfield></datafield><datafield ind1='1' ind2='0' tag='245'><subfield code='a'>Armenia :</subfield><subfield code='b'>digte /</subfield><subfield code='c'>Henrik Nordbrandt.</subfield></datafield><datafield ind1=' ' ind2=' ' tag='260'><subfield code='a'>[København] :</subfield><subfield code='b'>Gyldendal,</subfield><subfield code='c'>c1982.</subfield></datafield><datafield ind1=' ' ind2=' ' tag='300'><subfield code='a'>53 p. ;</subfield><subfield code='c'>24 cm.</subfield></datafield><datafield ind1=' ' ind2='7' tag='647'><subfield code='a'>Armenian Genocide</subfield><subfield code='d'>(1915-1923)</subfield><subfield code='2'>fast</subfield><subfield code='0'>(OCoLC)fst00814739</subfield></datafield><datafield ind1=' ' ind2='7' tag='648'><subfield code='a'>1915-1923</subfield><subfield code='2'>fast</subfield></datafield><datafield ind1=' ' ind2='0' tag='650'><subfield code='a'>Armenian Genocide, 1915-1923</subfield><subfield code='v'>Poetry.</subfield></datafield><datafield ind1=' ' ind2='7' tag='655'><subfield code='a'>Poetry</subfield><subfield code='2'>fast</subfield><subfield code='0'>(OCoLC)fst01423828</subfield></datafield><datafield ind1='0' ind2='8' tag='776'><subfield code='i'>Online version:</subfield><subfield code='a'>Nordbrandt, Henrik.</subfield><subfield code='t'>Armenia.</subfield><subfield code='d'>[København] : Gyldendal, 1982</subfield><subfield code='w'>(OCoLC)613277185</subfield></datafield><datafield ind1='1' ind2=' ' tag='583'><subfield code='a'>committed to retain</subfield><subfield code='c'>20181001</subfield><subfield code='d'>in perpetuity</subfield><subfield code='f'>ReCAP Shared Collection</subfield><subfield code='5'>HUL</subfield><subfield code='8'>221733377210003941</subfield></datafield><datafield ind1='1' ind2=' ' tag='583'><subfield code='a'>committed to retain</subfield><subfield code='c'>20170930</subfield><subfield code='d'>20421231</subfield><subfield code='f'>HathiTrust</subfield><subfield code='5'>HUL</subfield><subfield code='8'>221733377210003941</subfield></datafield><datafield ind1='0' ind2=' ' tag='852'><subfield code='c'>RD</subfield><subfield code='h'>PT8176.24.O55</subfield><subfield code='i'>A88 x, 1982</subfield><subfield code='0'>13852421</subfield><subfield code='b'>scsbhl</subfield></datafield><datafield ind1=' ' ind2=' ' tag='876'><subfield code='0'>13852421</subfield><subfield code='a'>19780874</subfield><subfield code='h'> </subfield><subfield code='j'>Available</subfield><subfield code='k'>WID</subfield><subfield code='p'>HX4C4L</subfield><subfield code='x'>Shared</subfield><subfield code='z'>HV</subfield><subfield code='l'>RECAP</subfield></datafield></record>