
<record><leader>01190cam a2200265 a 4500</leader><controlfield tag='001'>SCSB-10444830</controlfield><controlfield tag='005'>20250702213018.0</controlfield><controlfield tag='008'>860212s1985    au a          000 0 ger d</controlfield><controlfield tag='009'>990005172940203941</controlfield><datafield ind1=' ' ind2=' ' tag='035'><subfield code='a'>(OCoLC)13143006</subfield><subfield code='z'>(OCoLC)964347812</subfield></datafield><datafield ind1=' ' ind2=' ' tag='040'><subfield code='a'>GZM</subfield><subfield code='b'>eng</subfield><subfield code='c'>GZM</subfield><subfield code='d'>OCLCG</subfield><subfield code='d'>OCLCQ</subfield><subfield code='d'>OCLCF</subfield><subfield code='d'>OCLCQ</subfield><subfield code='d'>OCLCO</subfield><subfield code='d'>OCLCL</subfield><subfield code='d'>OCLCQ</subfield></datafield><datafield ind1=' ' ind2='4' tag='050'><subfield code='a'>N6811.5.C59</subfield><subfield code='b'>A4 1985</subfield></datafield><datafield ind1='1' ind2=' ' tag='100'><subfield code='a'>Čižek, Franz,</subfield><subfield code='d'>1865-1946</subfield><subfield code='1'>https://id.oclc.org/worldcat/entity/E39PBJtxhyCXHpYQhMhX7vJJjC</subfield></datafield><datafield ind1='1' ind2='0' tag='245'><subfield code='a'>Franz Cizek :</subfield><subfield code='b'>Pionier der Kunsterziehung (1865-1946) : Historisches Museum der Stadt Wien, 95. Sonderausstellung, 20. Juni bis 3. November 1985.</subfield></datafield><datafield ind1=' ' ind2=' ' tag='260'><subfield code='a'>Wien :</subfield><subfield code='b'>Eigenverlag der Museum der Stadt Wien,</subfield><subfield code='c'>[1985]</subfield></datafield><datafield ind1=' ' ind2=' ' tag='300'><subfield code='a'>99 pages :</subfield><subfield code='b'>chiefly illustrations (some color) ;</subfield><subfield code='c'>22 cm</subfield></datafield><datafield ind1=' ' ind2=' ' tag='336'><subfield code='a'>text</subfield><subfield code='b'>txt</subfield><subfield code='2'>rdacontent</subfield></datafield><datafield ind1=' ' ind2=' ' tag='337'><subfield code='a'>unmediated</subfield><subfield code='b'>n</subfield><subfield code='2'>rdamedia</subfield></datafield><datafield ind1=' ' ind2=' ' tag='338'><subfield code='a'>volume</subfield><subfield code='b'>nc</subfield><subfield code='2'>rdacarrier</subfield></datafield><datafield ind1=' ' ind2=' ' tag='500'><subfield code='a'>Exhibition catalog.</subfield></datafield><datafield ind1='1' ind2='0' tag='600'><subfield code='a'>Čižek, Franz,</subfield><subfield code='d'>1865-1946</subfield></datafield><datafield ind1='1' ind2='7' tag='600'><subfield code='a'>Čižek, Franz,</subfield><subfield code='d'>1865-1946</subfield><subfield code='2'>fast</subfield><subfield code='0'>(OCoLC)fst00203991</subfield><subfield code='1'>https://id.oclc.org/worldcat/entity/E39PBJtxhyCXHpYQhMhX7vJJjC</subfield></datafield><datafield ind1='1' ind2=' ' tag='583'><subfield code='a'>committed to retain</subfield><subfield code='c'>20181001</subfield><subfield code='d'>in perpetuity</subfield><subfield code='f'>ReCAP Shared Collection</subfield><subfield code='5'>HUL</subfield><subfield code='8'>221763973420003941</subfield></datafield><datafield ind1='0' ind2=' ' tag='852'><subfield code='c'>HD</subfield><subfield code='h'>N6811.5C59</subfield><subfield code='i'>A4 1985x</subfield><subfield code='0'>11221979</subfield><subfield code='b'>scsbhl</subfield></datafield><datafield ind1=' ' ind2=' ' tag='876'><subfield code='0'>11221979</subfield><subfield code='a'>16948943</subfield><subfield code='h'> </subfield><subfield code='j'>Available</subfield><subfield code='k'>WID</subfield><subfield code='p'>HWHCFP</subfield><subfield code='x'>Shared</subfield><subfield code='z'>HW</subfield><subfield code='l'>HD</subfield></datafield><datafield ind1='8' ind2=' ' tag='852'><subfield code='c'>HD</subfield><subfield code='0'>11221980</subfield><subfield code='b'>scsbhl</subfield></datafield><datafield ind1=' ' ind2=' ' tag='876'><subfield code='0'>11221980</subfield><subfield code='a'>16948944</subfield><subfield code='h'> </subfield><subfield code='j'>Available</subfield><subfield code='k'>FAL</subfield><subfield code='p'>FL11F8</subfield><subfield code='x'>Shared</subfield><subfield code='z'>FL</subfield><subfield code='l'>HD</subfield></datafield></record>