
<record><leader>01014nam a2200277Ia 4500</leader><controlfield tag='001'>SCSB-10744364</controlfield><controlfield tag='005'>20020606093309.7</controlfield><controlfield tag='008'>860122s1983    xx c          000 0aeng d</controlfield><controlfield tag='009'>990026835300203941</controlfield><datafield ind1=' ' ind2=' ' tag='035'><subfield code='a'>(OCoLC)13046462</subfield></datafield><datafield ind1=' ' ind2=' ' tag='040'><subfield code='a'>UUM</subfield><subfield code='c'>UUM</subfield><subfield code='d'>HLS</subfield></datafield><datafield ind1='1' ind2=' ' tag='041'><subfield code='a'>eng</subfield><subfield code='h'>hrv</subfield></datafield><datafield ind1=' ' ind2=' ' tag='043'><subfield code='a'>e-yu---</subfield></datafield><datafield ind1=' ' ind2='4' tag='050'><subfield code='a'>DR1598.C59</subfield><subfield code='b'>A313 1983</subfield></datafield><datafield ind1=' ' ind2=' ' tag='090'><subfield code='a'>DR1598.C59</subfield><subfield code='b'>A313 1983</subfield></datafield><datafield ind1='1' ind2=' ' tag='100'><subfield code='a'>Čižek, Vjenceslav.</subfield></datafield><datafield ind1='1' ind2='4' tag='245'><subfield code='a'>The blind dissenter, Vjenceslav Čižek /</subfield><subfield code='c'>[Vjenceslav Čižek ; prepared by Kazimir Katalinić ; translated into English by Julienne Bušić, Drago Jurić, Vera Korsky-Poli]</subfield></datafield><datafield ind1=' ' ind2=' ' tag='260'><subfield code='a'>Windsor, Ont. :</subfield><subfield code='b'>Hrvatsko republikansko društvo &quot;Uskok&quot; ;</subfield><subfield code='a'>Chicago, Ill. :</subfield><subfield code='b'>Hrvatsko republikansko društvo &quot;Dubrovnik&quot;,</subfield><subfield code='c'>[1983?]</subfield></datafield><datafield ind1=' ' ind2=' ' tag='300'><subfield code='a'>26 p. :</subfield><subfield code='b'>port. ;</subfield><subfield code='c'>20 cm.</subfield></datafield><datafield ind1=' ' ind2=' ' tag='500'><subfield code='a'>Cover title.</subfield></datafield><datafield ind1='1' ind2='0' tag='600'><subfield code='a'>Čižek, Vjenceslav.</subfield></datafield><datafield ind1=' ' ind2='0' tag='650'><subfield code='a'>Dissenters</subfield><subfield code='z'>Yugoslavia</subfield><subfield code='v'>Biography.</subfield></datafield><datafield ind1=' ' ind2='0' tag='650'><subfield code='a'>Croats</subfield><subfield code='v'>Biography.</subfield></datafield><datafield ind1=' ' ind2='0' tag='651'><subfield code='a'>Yugoslavia</subfield><subfield code='x'>Politics and government</subfield><subfield code='y'>1945-</subfield></datafield><datafield ind1=' ' ind2='7' tag='648'><subfield code='a'>1945-1992</subfield><subfield code='2'>fast</subfield></datafield><datafield ind1=' ' ind2='7' tag='655'><subfield code='a'>Biographies</subfield><subfield code='2'>fast</subfield><subfield code='0'>(OCoLC)fst01919896</subfield></datafield><datafield ind1=' ' ind2='7' tag='655'><subfield code='a'>Autobiographies</subfield><subfield code='2'>lcgft</subfield></datafield><datafield ind1=' ' ind2='7' tag='655'><subfield code='a'>Biographies</subfield><subfield code='2'>lcgft</subfield></datafield><datafield ind1='1' ind2=' ' tag='700'><subfield code='a'>Katalinić, Kazimir</subfield></datafield><datafield ind1='1' ind2=' ' tag='583'><subfield code='a'>committed to retain</subfield><subfield code='c'>20181001</subfield><subfield code='d'>in perpetuity</subfield><subfield code='f'>ReCAP Shared Collection</subfield><subfield code='5'>HUL</subfield><subfield code='8'>221838897800003941</subfield></datafield><datafield ind1='0' ind2=' ' tag='852'><subfield code='c'>HD</subfield><subfield code='h'>DR1598.C59</subfield><subfield code='i'>A313 1983</subfield><subfield code='0'>11532737</subfield><subfield code='b'>scsbhl</subfield></datafield><datafield ind1=' ' ind2=' ' tag='876'><subfield code='0'>11532737</subfield><subfield code='a'>17274658</subfield><subfield code='h'> </subfield><subfield code='j'>Available</subfield><subfield code='k'>WID</subfield><subfield code='p'>HWGFAK</subfield><subfield code='x'>Shared</subfield><subfield code='z'>HW</subfield><subfield code='l'>HD</subfield></datafield></record>