
<record><leader>00000nam a22002534a 4500</leader><controlfield tag='001'>SCSB-10326192</controlfield><controlfield tag='005'>20160707201137.0</controlfield><controlfield tag='008'>080310s2006    au a      b   000 0dger  </controlfield><controlfield tag='009'>990115486110203941</controlfield><datafield ind1=' ' ind2=' ' tag='010'><subfield code='a'>^^2008366133</subfield></datafield><datafield ind1=' ' ind2=' ' tag='020'><subfield code='a'>9783851600773 (hd.bd.)</subfield></datafield><datafield ind1=' ' ind2=' ' tag='020'><subfield code='a'>3851600770 (hd.bd.)</subfield></datafield><datafield ind1=' ' ind2=' ' tag='035'><subfield code='a'>(OCoLC)153884377</subfield><subfield code='z'>(OCoLC)1466808115</subfield></datafield><datafield ind1=' ' ind2=' ' tag='040'><subfield code='a'>DLC</subfield><subfield code='c'>DLC</subfield></datafield><datafield ind1=' ' ind2=' ' tag='043'><subfield code='a'>e-au---</subfield></datafield><datafield ind1='0' ind2='0' tag='050'><subfield code='a'>N89.2.C59</subfield><subfield code='b'>L38 2006</subfield></datafield><datafield ind1='1' ind2=' ' tag='100'><subfield code='a'>Laven, Rolf,</subfield><subfield code='d'>1966-</subfield></datafield><datafield ind1='1' ind2='0' tag='245'><subfield code='a'>Franz Čižek und die Wiener Jugendkunst /</subfield><subfield code='c'>Rolf Laven.</subfield></datafield><datafield ind1=' ' ind2=' ' tag='260'><subfield code='a'>Wien :</subfield><subfield code='b'>Schlebrügge.Editor,</subfield><subfield code='c'>2006.</subfield></datafield><datafield ind1=' ' ind2=' ' tag='300'><subfield code='a'>336 p. :</subfield><subfield code='b'>ill. ;</subfield><subfield code='c'>23 cm.</subfield></datafield><datafield ind1='1' ind2=' ' tag='490'><subfield code='a'>Schriften der Akademie der bildenden Künste Wien ;</subfield><subfield code='v'>v. 2</subfield></datafield><datafield ind1=' ' ind2=' ' tag='504'><subfield code='a'>Includes bibliographical references (p. 324-335) and index.</subfield></datafield><datafield ind1='1' ind2='0' tag='600'><subfield code='a'>Čižek, Franz,</subfield><subfield code='d'>1865-1946</subfield></datafield><datafield ind1=' ' ind2='0' tag='650'><subfield code='a'>Art teachers</subfield><subfield code='z'>Austria</subfield><subfield code='v'>Biography.</subfield></datafield><datafield ind1=' ' ind2='0' tag='650'><subfield code='a'>Art</subfield><subfield code='x'>Study and teaching (Elementary)</subfield><subfield code='z'>Austria</subfield><subfield code='x'>History</subfield><subfield code='y'>20th century.</subfield></datafield><datafield ind1=' ' ind2='7' tag='648'><subfield code='a'>1900-1999</subfield><subfield code='2'>fast</subfield></datafield><datafield ind1=' ' ind2='7' tag='655'><subfield code='a'>Biographies</subfield><subfield code='2'>fast</subfield><subfield code='0'>(OCoLC)fst01919896</subfield></datafield><datafield ind1=' ' ind2='7' tag='655'><subfield code='a'>History</subfield><subfield code='2'>fast</subfield><subfield code='0'>(OCoLC)fst01411628</subfield></datafield><datafield ind1=' ' ind2='0' tag='830'><subfield code='a'>Schriften der Akademie der bildenden Künste Wien ;</subfield><subfield code='v'>v. 2.</subfield></datafield><datafield ind1='1' ind2=' ' tag='583'><subfield code='a'>committed to retain</subfield><subfield code='c'>20181001</subfield><subfield code='d'>in perpetuity</subfield><subfield code='f'>ReCAP Shared Collection</subfield><subfield code='5'>HUL</subfield><subfield code='8'>222125656440003941</subfield></datafield><datafield ind1='0' ind2=' ' tag='852'><subfield code='c'>HD</subfield><subfield code='h'>N89.2.C59</subfield><subfield code='i'>L38 2006</subfield><subfield code='0'>11094797</subfield><subfield code='b'>scsbhl</subfield></datafield><datafield ind1=' ' ind2=' ' tag='876'><subfield code='0'>11094797</subfield><subfield code='a'>16814716</subfield><subfield code='h'> </subfield><subfield code='j'>Available</subfield><subfield code='k'>FAL</subfield><subfield code='p'>32044096843982</subfield><subfield code='x'>Shared</subfield><subfield code='z'>FL</subfield><subfield code='l'>HD</subfield></datafield></record>