
<record><leader>03983cam a2200577 i 4500</leader><controlfield tag='001'>SCSB-15243161</controlfield><controlfield tag='005'>20251110174624.7</controlfield><controlfield tag='008'>240409t20242024nz a     b    00| 0 eng  </controlfield><controlfield tag='009'>in00033978800</controlfield><datafield ind1=' ' ind2=' ' tag='020'><subfield code='a'>9781869409944</subfield><subfield code='q'>hardback</subfield></datafield><datafield ind1=' ' ind2=' ' tag='020'><subfield code='a'>1869409949</subfield></datafield><datafield ind1=' ' ind2=' ' tag='024'><subfield code='a'>90102624125</subfield></datafield><datafield ind1=' ' ind2=' ' tag='035'><subfield code='a'>(OCoLC)1429605674</subfield></datafield><datafield ind1=' ' ind2=' ' tag='040'><subfield code='a'>NZ1</subfield><subfield code='b'>eng</subfield><subfield code='e'>rda</subfield><subfield code='c'>NZ1</subfield><subfield code='d'>UV1</subfield><subfield code='d'>OCLCO</subfield><subfield code='d'>NZDUH</subfield><subfield code='d'>OCLCO</subfield><subfield code='d'>NZ1</subfield><subfield code='d'>UCW</subfield><subfield code='d'>OCLCO</subfield></datafield><datafield ind1=' ' ind2=' ' tag='042'><subfield code='a'>nznb</subfield></datafield><datafield ind1=' ' ind2=' ' tag='043'><subfield code='a'>u-nz---</subfield></datafield><datafield ind1=' ' ind2='4' tag='050'><subfield code='a'>TR122.5</subfield><subfield code='b'>.D54 2024g</subfield></datafield><datafield ind1='0' ind2='4' tag='082'><subfield code='a'>770.99309034</subfield><subfield code='2'>23</subfield></datafield><datafield ind1='0' ind2='2' tag='245'><subfield code='a'>A different light :</subfield><subfield code='b'>first photographs of Aotearoa /</subfield><subfield code='c'>edited by Catherine Hammond and Shaun Higgins.</subfield></datafield><datafield ind1=' ' ind2='1' tag='264'><subfield code='a'>Auckland, New Zealand :</subfield><subfield code='b'>Auckland University Press,</subfield><subfield code='c'>2024.</subfield></datafield><datafield ind1=' ' ind2='4' tag='264'><subfield code='c'>©2024</subfield></datafield><datafield ind1=' ' ind2=' ' tag='300'><subfield code='a'>283 pages :</subfield><subfield code='b'>illustrations ;</subfield><subfield code='c'>25 cm</subfield></datafield><datafield ind1=' ' ind2=' ' tag='336'><subfield code='a'>text</subfield><subfield code='2'>rdacontent</subfield></datafield><datafield ind1=' ' ind2=' ' tag='336'><subfield code='a'>still image</subfield><subfield code='2'>rdacontent</subfield></datafield><datafield ind1=' ' ind2=' ' tag='337'><subfield code='a'>unmediated</subfield><subfield code='2'>rdamedia</subfield></datafield><datafield ind1=' ' ind2=' ' tag='338'><subfield code='a'>volume</subfield><subfield code='2'>rdacarrier</subfield></datafield><datafield ind1=' ' ind2=' ' tag='504'><subfield code='a'>Includes bibliographical references.</subfield></datafield><datafield ind1='0' ind2=' ' tag='505'><subfield code='a'>Introduction -- Photography and settler colonialism / Angela Wanhalla -- M+hini m+haro = Practical magic -- Chasing wonder : photography in the Auckland Province / Shaun Higgins -- He pono rαnei? = False witness -- Once were traders : reading images of Mαori in the &apos;Urquhart Album&apos; / Paul Diamond -- Tkrangawaewae = In the studio -- The give and take of photographs : early views of Dunedin and Otago / Anna Petersen -- He waitara nui = The great outdoors -- Camera fiends and sharpshooters : early amateur photography in Aotearoa / Natalie Marshall -- Mαu he kαmera! Mαu he kαmera! Mα tαtou he kαmera! = Open access.</subfield></datafield><datafield ind1=' ' ind2=' ' tag='520'><subfield code='a'>&quot;From horses laden with mammoth photographic plates in the 1870s to the arrival of the Kodak in the late 1880s, New Zealand&apos;s first photographs reveal K+ngi and governors, geysers and slums, battles and parties. They freeze faces in formal studio portraits and stumble into the intimacy of backyards, gardens and homes. A Different Light brings together the extraordinary and extensive photographic collections of three major research libraries - Tαmaki Paenga Hira Auckland War Memorial Museum, Alexander Turnbull Library and Hocken Collections Uare Taoka o Hαkena - to coincide with a touring exhibition of some of the earliest known photographs of Aotearoa&quot;--Publisher information.</subfield></datafield><datafield ind1=' ' ind2='0' tag='650'><subfield code='a'>Photography</subfield><subfield code='z'>New Zealand</subfield><subfield code='x'>History</subfield><subfield code='y'>19th century.</subfield></datafield><datafield ind1=' ' ind2='0' tag='650'><subfield code='a'>Photographers</subfield><subfield code='z'>New Zealand</subfield><subfield code='x'>History</subfield><subfield code='y'>19th century.</subfield></datafield><datafield ind1=' ' ind2='0' tag='650'><subfield code='a'>Māori (New Zealand people)</subfield><subfield code='x'>History</subfield><subfield code='y'>19th century</subfield><subfield code='v'>Portraits.</subfield></datafield><datafield ind1=' ' ind2='0' tag='651'><subfield code='a'>New Zealand</subfield><subfield code='x'>History</subfield><subfield code='y'>19th century</subfield><subfield code='v'>Pictorial works.</subfield></datafield><datafield ind1=' ' ind2='0' tag='651'><subfield code='a'>New Zealand</subfield><subfield code='x'>Social life and customs</subfield><subfield code='y'>19th century</subfield><subfield code='v'>Pictorial works.</subfield></datafield><datafield ind1=' ' ind2='6' tag='651'><subfield code='a'>Nouvelle-Zélande</subfield><subfield code='0'>(CaQQLa)201-0171331</subfield><subfield code='x'>Histoire</subfield><subfield code='0'>(CaQQLa)201-0171331</subfield><subfield code='y'>19e siècle</subfield><subfield code='0'>(CaQQLa)201-0171331</subfield><subfield code='v'>Ouvrages illustrés.</subfield><subfield code='0'>(CaQQLa)201-0377738</subfield></datafield><datafield ind1=' ' ind2='6' tag='650'><subfield code='a'>Photographes</subfield><subfield code='0'>(CaQQLa)201-0035040</subfield><subfield code='z'>Nouvelle-Zélande</subfield><subfield code='0'>(CaQQLa)201-0493133</subfield><subfield code='x'>Histoire</subfield><subfield code='0'>(CaQQLa)201-0378908</subfield><subfield code='y'>19e siècle.</subfield><subfield code='0'>(CaQQLa)201-0378908</subfield></datafield><datafield ind1=' ' ind2='6' tag='650'><subfield code='a'>Maoris</subfield><subfield code='0'>(CaQQLa)201-0023142</subfield><subfield code='x'>Histoire</subfield><subfield code='0'>(CaQQLa)201-0378908</subfield><subfield code='y'>19e siècle</subfield><subfield code='0'>(CaQQLa)201-0378908</subfield><subfield code='v'>Portraits.</subfield><subfield code='0'>(CaQQLa)201-0378236</subfield></datafield><datafield ind1=' ' ind2='7' tag='650'><subfield code='a'>Tkpuna.</subfield><subfield code='2'>reo</subfield><subfield code='0'>(Nz)reo2311</subfield></datafield><datafield ind1=' ' ind2='7' tag='650'><subfield code='a'>Whakaahua.</subfield><subfield code='2'>reo</subfield><subfield code='0'>(Nz)reo3317</subfield></datafield><datafield ind1=' ' ind2='7' tag='650'><subfield code='a'>Tango whakaahua.</subfield><subfield code='2'>reo</subfield><subfield code='0'>(Nz)reo3320</subfield></datafield><datafield ind1=' ' ind2='7' tag='650'><subfield code='a'>KMrero nehe.</subfield><subfield code='2'>reo</subfield><subfield code='0'>(Nz)reo1119</subfield></datafield><datafield ind1='1' ind2=' ' tag='700'><subfield code='a'>Hammond, Catherine,</subfield><subfield code='d'>1967-</subfield><subfield code='e'>editor.</subfield><subfield code='1'>https://id.oclc.org/worldcat/entity/E39PCjyjQbXGKK7Q3dkkbxCQD3</subfield></datafield><datafield ind1='1' ind2=' ' tag='700'><subfield code='a'>Higgins, Shaun</subfield><subfield code='c'>(Museum curator),</subfield><subfield code='e'>editor,</subfield><subfield code='e'>writer of added text.</subfield></datafield><datafield ind1='1' ind2=' ' tag='700'><subfield code='a'>Diamond, Paul,</subfield><subfield code='e'>writer of added text.</subfield></datafield><datafield ind1='1' ind2=' ' tag='700'><subfield code='a'>Wanhalla, Angela,</subfield><subfield code='e'>writer of introduction.</subfield></datafield><datafield ind1='1' ind2=' ' tag='700'><subfield code='a'>Petersen, A. K. C.</subfield><subfield code='q'>(Anna Katrine Caughey),</subfield><subfield code='e'>writer of added text.</subfield></datafield><datafield ind1='1' ind2=' ' tag='700'><subfield code='a'>Marshall, Natalie</subfield><subfield code='c'>(Historian),</subfield><subfield code='e'>writer of added text.</subfield></datafield><datafield ind1=' ' ind2=' ' tag='980'><subfield code='o'>1</subfield><subfield code='s'>65.00</subfield><subfield code='t'>fax4off</subfield><subfield code='u'>2625B</subfield></datafield><datafield ind1=' ' ind2=' ' tag='980'><subfield code='f'>545124</subfield><subfield code='o'>1</subfield><subfield code='s'>52.33</subfield><subfield code='t'>fax4off</subfield><subfield code='u'>2625B</subfield></datafield><datafield ind1=' ' ind2=' ' tag='987'><subfield code='a'>20888752</subfield></datafield><datafield ind1=' ' ind2=' ' tag='948'><subfield code='a'>20251110</subfield><subfield code='b'>STATCADCP</subfield><subfield code='c'>fd6</subfield><subfield code='d'>MPB</subfield></datafield><datafield ind1=' ' ind2=' ' tag='901'><subfield code='a'>a29176eb-a7db-4cc6-a89b-876d26a08a8f</subfield><subfield code='b'>25</subfield><subfield code='c'>false</subfield></datafield><datafield ind1='0' ind2='0' tag='852'><subfield code='0'>16340052</subfield><subfield code='h'>TR122.5</subfield><subfield code='i'>.D54 2024g</subfield><subfield code='b'>scsbcul</subfield></datafield><datafield ind1=' ' ind2=' ' tag='876'><subfield code='0'>16340052</subfield><subfield code='a'>23088665</subfield><subfield code='h'>In Library Use</subfield><subfield code='j'>Available</subfield><subfield code='p'>AR03090965</subfield><subfield code='t'>0</subfield><subfield code='x'>Shared</subfield><subfield code='z'>AR</subfield><subfield code='l'>RECAP</subfield></datafield></record>