
<record><leader>01605cam a2200325Ia 4500</leader><controlfield tag='001'>SCSB-5335900</controlfield><controlfield tag='003'>NNC</controlfield><controlfield tag='005'>20221122003222.0</controlfield><controlfield tag='008'>070314s2006    nyu           000 0 eng d</controlfield><controlfield tag='009'>6180347</controlfield><datafield ind1=' ' ind2=' ' tag='035'><subfield code='a'>(OCoLC)ocm85856973</subfield></datafield><datafield ind1=' ' ind2=' ' tag='035'><subfield code='a'>(NNC)6180347</subfield></datafield><datafield ind1=' ' ind2=' ' tag='035'><subfield code='a'>(OCoLC)85856973</subfield></datafield><datafield ind1=' ' ind2=' ' tag='035'><subfield code='a'>6180347</subfield></datafield><datafield ind1=' ' ind2=' ' tag='040'><subfield code='a'>NIC</subfield><subfield code='c'>NIC</subfield><subfield code='d'>NIC</subfield></datafield><datafield ind1=' ' ind2=' ' tag='090'><subfield code='a'>PN4836</subfield><subfield code='b'>.S665 2006</subfield></datafield><datafield ind1='1' ind2=' ' tag='100'><subfield code='a'>Spinella, Michael P.</subfield></datafield><datafield ind1='1' ind2='0' tag='245'><subfield code='a'>JSTOR :</subfield><subfield code='b'>past , present &amp; future /</subfield><subfield code='c'>Michael P. Spinella.</subfield></datafield><datafield ind1=' ' ind2=' ' tag='260'><subfield code='a'>New York :</subfield><subfield code='b'>JSTOR,</subfield><subfield code='c'>2006.</subfield></datafield><datafield ind1=' ' ind2=' ' tag='300'><subfield code='a'>15 pages :</subfield><subfield code='b'>illustrations ;</subfield><subfield code='c'>28 cm</subfield></datafield><datafield ind1=' ' ind2=' ' tag='336'><subfield code='a'>text</subfield><subfield code='b'>txt</subfield><subfield code='2'>rdacontent</subfield></datafield><datafield ind1=' ' ind2=' ' tag='337'><subfield code='a'>unmediated</subfield><subfield code='b'>n</subfield><subfield code='2'>rdamedia</subfield></datafield><datafield ind1=' ' ind2=' ' tag='500'><subfield code='a'>Presented at the University of Oklahoma Libraries conference, Printed Resources and Digital Information : The Future of Coexistence, Oklahoma City, OK, March 2-3, 2006.</subfield></datafield><datafield ind1=' ' ind2=' ' tag='520'><subfield code='a'>An address by the Membership Director for JSTOR on the history and future of the organization, which was based on cooperation with publishers and libraries. He stresses the twin objectives of JSTOR: to preserve and provide access to back files of journals in electronic format for scholars and researchers.</subfield></datafield><datafield ind1='0' ind2=' ' tag='505'><subfield code='a'>Introduction -- JSTOR update -- Community participation -- Archiving -- Usage -- Affordability and value -- Conclusiions : toward an online scholarly communications system.</subfield></datafield><datafield ind1=' ' ind2='0' tag='650'><subfield code='a'>Electronic journals</subfield><subfield code='v'>Databases.</subfield></datafield><datafield ind1=' ' ind2='0' tag='650'><subfield code='a'>Libraries</subfield><subfield code='x'>Automation</subfield><subfield code='x'>History.</subfield></datafield><datafield ind1='2' ind2='0' tag='610'><subfield code='a'>JSTOR (Organization)</subfield><subfield code='0'>http://id.loc.gov/authorities/names/no97001983</subfield></datafield><datafield ind1=' ' ind2='0' tag='650'><subfield code='a'>Scholarly periodicals</subfield><subfield code='v'>Databases.</subfield></datafield><datafield ind1='0' ind2='0' tag='852'><subfield code='h'>PN4836 .S665 2006g</subfield><subfield code='0'>5324650</subfield><subfield code='b'>scsbcul</subfield></datafield><datafield ind1=' ' ind2=' ' tag='876'><subfield code='0'>5324650</subfield><subfield code='a'>7916699</subfield><subfield code='h'> </subfield><subfield code='j'>Available</subfield><subfield code='p'>CU73901776</subfield><subfield code='t'>1</subfield><subfield code='x'>Shared</subfield><subfield code='z'>CU</subfield><subfield code='l'>RECAP</subfield></datafield></record>