
<record><leader>02041njm a2200481 a 4500</leader><controlfield tag='001'>SCSB-3710587</controlfield><controlfield tag='003'>NNC</controlfield><controlfield tag='005'>20220616025124.0</controlfield><controlfield tag='007'>sd bsmen||||||</controlfield><controlfield tag='008'>811016t19811981cauppn   d          eng d</controlfield><controlfield tag='009'>2348493</controlfield><datafield ind1='1' ind2=' ' tag='024'><subfield code='a'>7599235921</subfield></datafield><datafield ind1='0' ind2='2' tag='028'><subfield code='a'>BSK 3592</subfield><subfield code='b'>Warner Bros.</subfield></datafield><datafield ind1=' ' ind2=' ' tag='035'><subfield code='a'>(OCoLC)ocm07853926</subfield></datafield><datafield ind1=' ' ind2=' ' tag='035'><subfield code='9'>APM6083CU</subfield></datafield><datafield ind1=' ' ind2=' ' tag='035'><subfield code='a'>2348493</subfield></datafield><datafield ind1=' ' ind2=' ' tag='040'><subfield code='a'>OWR</subfield><subfield code='c'>OWR</subfield><subfield code='d'>OCL</subfield><subfield code='d'>IJC</subfield><subfield code='d'>BGU</subfield></datafield><datafield ind1=' ' ind2=' ' tag='045'><subfield code='a'>x3x8</subfield></datafield><datafield ind1=' ' ind2=' ' tag='092'><subfield code='a'>784.54</subfield><subfield code='b'>Sim</subfield></datafield><datafield ind1='1' ind2=' ' tag='100'><subfield code='a'>Simon, Carly,</subfield><subfield code='e'>performer.</subfield><subfield code='4'>http://id.loc.gov/vocabulary/relators/prf</subfield><subfield code='0'>http://id.loc.gov/authorities/names/n85072689</subfield></datafield><datafield ind1='1' ind2='0' tag='245'><subfield code='a'>Torch /</subfield><subfield code='c'>Carly Simon.</subfield></datafield><datafield ind1=' ' ind2=' ' tag='260'><subfield code='a'>Burbank, Calif. :</subfield><subfield code='b'>Warner Bros. Records,</subfield><subfield code='c'>[1981], ℗1981.</subfield></datafield><datafield ind1=' ' ind2=' ' tag='300'><subfield code='a'>1 audio disc (36 min.) :</subfield><subfield code='b'>analog, 33 1/3 rpm, stereo ;</subfield><subfield code='c'>12 in.</subfield></datafield><datafield ind1=' ' ind2=' ' tag='306'><subfield code='a'>003502</subfield></datafield><datafield ind1=' ' ind2=' ' tag='336'><subfield code='a'>performed music</subfield><subfield code='b'>prm</subfield><subfield code='2'>rdacontent</subfield></datafield><datafield ind1=' ' ind2=' ' tag='337'><subfield code='a'>audio</subfield><subfield code='b'>s</subfield><subfield code='2'>rdamedia</subfield></datafield><datafield ind1='0' ind2=' ' tag='511'><subfield code='a'>Popular songs performed by Carly Simon, with orchestra ; Mike Mainieri, producer-arranger.</subfield></datafield><datafield ind1=' ' ind2=' ' tag='518'><subfield code='a'>Recorded at Power Station, New York City.</subfield></datafield><datafield ind1=' ' ind2=' ' tag='500'><subfield code='a'>Lyrics and portrait on inner liner.</subfield></datafield><datafield ind1='0' ind2=' ' tag='505'><subfield code='a'>Blue of blue (3:38) -- I\u0027ll be around (2:30) -- I got it bad and that ain\u0027t good (3:46) -- I get along without you very well (3:23) -- Body and soul (4:12) -- Hurt (3:21) -- From the heart (2:47) -- Spring is here (3:02) -- Pretty strange (2:59) -- What shall we do with the child (2:44) -- Not a day goes by (2:40).</subfield></datafield><datafield ind1=' ' ind2='0' tag='650'><subfield code='a'>Popular music</subfield><subfield code='y'>1981-1990.</subfield><subfield code='0'>http://id.loc.gov/authorities/subjects/sh87003313</subfield></datafield><datafield ind1='1' ind2=' ' tag='700'><subfield code='a'>Mainieri, Mike,</subfield><subfield code='e'>performer.</subfield><subfield code='4'>http://id.loc.gov/vocabulary/relators/prf</subfield><subfield code='0'>http://id.loc.gov/authorities/names/n83160894</subfield></datafield><datafield ind1='0' ind2=' ' tag='740'><subfield code='a'>Blue of blue.</subfield></datafield><datafield ind1='0' ind2=' ' tag='740'><subfield code='a'>I\u0027ll be around.</subfield></datafield><datafield ind1='0' ind2=' ' tag='740'><subfield code='a'>I got it bad and that ain\u0027t good.</subfield></datafield><datafield ind1='0' ind2=' ' tag='740'><subfield code='a'>I get along without you very well.</subfield></datafield><datafield ind1='0' ind2=' ' tag='740'><subfield code='a'>Body and soul.</subfield></datafield><datafield ind1='0' ind2=' ' tag='740'><subfield code='a'>Hurt.</subfield></datafield><datafield ind1='0' ind2=' ' tag='740'><subfield code='a'>From the heart.</subfield></datafield><datafield ind1='0' ind2=' ' tag='740'><subfield code='a'>Spring is here.</subfield></datafield><datafield ind1='0' ind2=' ' tag='740'><subfield code='a'>Pretty strange.</subfield></datafield><datafield ind1='0' ind2=' ' tag='740'><subfield code='a'>What shall we do with the child.</subfield></datafield><datafield ind1='0' ind2=' ' tag='740'><subfield code='a'>Not a day goes by.</subfield></datafield><datafield ind1='8' ind2='0' tag='852'><subfield code='h'>W4399</subfield><subfield code='0'>3716567</subfield><subfield code='b'>scsbcul</subfield></datafield><datafield ind1=' ' ind2=' ' tag='876'><subfield code='0'>3716567</subfield><subfield code='a'>5513177</subfield><subfield code='h'>In Library Use</subfield><subfield code='j'>Available</subfield><subfield code='p'>MR61588075</subfield><subfield code='t'>1</subfield><subfield code='x'>Shared</subfield><subfield code='z'>MR</subfield><subfield code='l'>RECAP</subfield></datafield></record>