
<record><leader>00881nam a2200181   4500</leader><controlfield tag='001'>SCSB-7868544</controlfield><controlfield tag='005'>20060626011850.0</controlfield><controlfield tag='008'>880812t19881987nyua   j      000 1 eng d</controlfield><controlfield tag='009'>.b178164586</controlfield><datafield ind1=' ' ind2=' ' tag='010'><subfield code='a'>   87045995</subfield></datafield><datafield ind1=' ' ind2=' ' tag='040'><subfield code='d'>UtOrBLW</subfield></datafield><datafield ind1=' ' ind2=' ' tag='091'><subfield code='p'>J</subfield><subfield code='a'>FIC</subfield><subfield code='c'>P</subfield></datafield><datafield ind1='1' ind2=' ' tag='100'><subfield code='a'>Paton Walsh, Jill,</subfield><subfield code='d'>1937-</subfield></datafield><datafield ind1='1' ind2='0' tag='245'><subfield code='a'>Torch /</subfield><subfield code='c'>Jill Paton Walsh.</subfield></datafield><datafield ind1=' ' ind2=' ' tag='260'><subfield code='a'>New York :</subfield><subfield code='b'>Farrar Straus Giroux,</subfield><subfield code='c'>1988, c1987.</subfield></datafield><datafield ind1=' ' ind2=' ' tag='520'><subfield code='a'>Young Cal and Dio go to the old man in the marble fields to have their marriage blessed, but they find him hurt and dying. He binds Dio to guard an Olympic torch no one has used for hundreds of years. The two set out on a journey which reveals a past time of wonderful inventions which had been obliterated by a catastrophe.</subfield></datafield><datafield ind1=' ' ind2='7' tag='655'><subfield code='a'>Fantasy fiction.</subfield><subfield code='2'>lcgft</subfield></datafield><datafield ind1=' ' ind2=' ' tag='907'><subfield code='a'>.b178164586</subfield><subfield code='c'>m</subfield><subfield code='d'>a</subfield><subfield code='e'>-</subfield><subfield code='f'>eng</subfield><subfield code='g'>nyu</subfield><subfield code='h'>0</subfield><subfield code='i'>2</subfield></datafield><datafield ind1='8' ind2=' ' tag='852'><subfield code='h'>ReCAP .b178164586</subfield><subfield code='0'>8008593</subfield><subfield code='b'>scsbnypl</subfield></datafield><datafield ind1=' ' ind2=' ' tag='876'><subfield code='0'>8008593</subfield><subfield code='a'>13186378</subfield><subfield code='j'>Available</subfield><subfield code='p'>33333006125617</subfield><subfield code='t'>1</subfield><subfield code='x'>Shared</subfield><subfield code='z'>NA</subfield><subfield code='l'>RECAP</subfield></datafield></record>