
<record><leader>00719nam a2200241I  4500</leader><controlfield tag='001'>SCSB-8210329</controlfield><controlfield tag='003'>OCoLC</controlfield><controlfield tag='005'>19970613095507.0</controlfield><controlfield tag='008'>751031s1953    xx            000 p eng u</controlfield><controlfield tag='009'>.b13138580x</controlfield><datafield ind1=' ' ind2=' ' tag='015'><subfield code='a'>GB53-8784</subfield></datafield><datafield ind1=' ' ind2=' ' tag='040'><subfield code='c'>IXA</subfield><subfield code='d'>UKM</subfield><subfield code='d'>NYP</subfield></datafield><datafield ind1=' ' ind2=' ' tag='049'><subfield code='a'>NYPG</subfield></datafield><datafield ind1='0' ind2='4' tag='082'><subfield code='a'>821.91</subfield><subfield code='2'>18</subfield></datafield><datafield ind1='1' ind2=' ' tag='100'><subfield code='a'>Godfrey, Wilfred.</subfield></datafield><datafield ind1='1' ind2='4' tag='245'><subfield code='a'>The torch.</subfield></datafield><datafield ind1=' ' ind2=' ' tag='260'><subfield code='a'>[Norwich,</subfield><subfield code='b'>Printed by Jarrold &amp; Sons]</subfield><subfield code='c'>1953.</subfield></datafield><datafield ind1=' ' ind2=' ' tag='300'><subfield code='a'>100p.</subfield><subfield code='c'>19cm.</subfield></datafield><datafield ind1=' ' ind2=' ' tag='500'><subfield code='a'>On flyleaf in ms: Private edition of 400 copies.</subfield></datafield><datafield ind1=' ' ind2=' ' tag='500'><subfield code='a'>Poems.</subfield></datafield><datafield ind1=' ' ind2=' ' tag='907'><subfield code='a'>.b13138580x</subfield><subfield code='c'>m</subfield><subfield code='d'>a</subfield><subfield code='e'>-</subfield><subfield code='f'>eng</subfield><subfield code='g'>xx</subfield><subfield code='h'>4</subfield><subfield code='i'>1</subfield></datafield><datafield ind1=' ' ind2=' ' tag='035'><subfield code='a'>(OCoLC)1748528</subfield></datafield><datafield ind1='8' ind2=' ' tag='852'><subfield code='h'>NCM (Godfrey, W. Torch)</subfield><subfield code='0'>8360917</subfield><subfield code='b'>scsbnypl</subfield></datafield><datafield ind1=' ' ind2=' ' tag='876'><subfield code='0'>8360917</subfield><subfield code='a'>13724904</subfield><subfield code='j'>Available</subfield><subfield code='p'>33433113441749</subfield><subfield code='t'>1</subfield><subfield code='x'>Shared</subfield><subfield code='z'>NA</subfield><subfield code='l'>RECAP</subfield></datafield></record>