
<record><leader>00958cam a22003371  4500</leader><controlfield tag='001'>SCSB-4755703</controlfield><controlfield tag='003'>NNC</controlfield><controlfield tag='005'>20221027020710.0</controlfield><controlfield tag='008'>751125s1960    maua          000 1 eng  </controlfield><controlfield tag='009'>4020877</controlfield><datafield ind1=' ' ind2=' ' tag='010'><subfield code='a'>   60009349 </subfield></datafield><datafield ind1=' ' ind2=' ' tag='035'><subfield code='a'>(OCoLC)ocm01161082</subfield></datafield><datafield ind1=' ' ind2=' ' tag='035'><subfield code='9'>AJX9048HS</subfield></datafield><datafield ind1=' ' ind2=' ' tag='035'><subfield code='a'>(NNC)4020877</subfield></datafield><datafield ind1=' ' ind2=' ' tag='035'><subfield code='a'>4020877</subfield></datafield><datafield ind1=' ' ind2=' ' tag='040'><subfield code='a'>DLC</subfield><subfield code='c'>WRJ</subfield><subfield code='d'>DLC</subfield><subfield code='d'>NLM</subfield><subfield code='d'>ZCH</subfield></datafield><datafield ind1=' ' ind2=' ' tag='043'><subfield code='a'>e-gr---</subfield></datafield><datafield ind1='0' ind2='0' tag='050'><subfield code='a'>PZ4.P398</subfield><subfield code='b'>To</subfield></datafield><datafield ind1='0' ind2='0' tag='060'><subfield code='a'>WZ 100</subfield><subfield code='b'>H6676P 1960</subfield></datafield><datafield ind1='1' ind2=' ' tag='100'><subfield code='a'>Penfield, Wilder,</subfield><subfield code='d'>1891-1976.</subfield><subfield code='0'>http://id.loc.gov/authorities/names/n50009486</subfield></datafield><datafield ind1='1' ind2='4' tag='245'><subfield code='a'>The torch.</subfield></datafield><datafield ind1=' ' ind2=' ' tag='250'><subfield code='a'>[1st ed.].</subfield></datafield><datafield ind1=' ' ind2=' ' tag='260'><subfield code='a'>Boston :</subfield><subfield code='b'>Little, Brown,</subfield><subfield code='c'>[1960]</subfield></datafield><datafield ind1=' ' ind2=' ' tag='300'><subfield code='a'>370 pages :</subfield><subfield code='b'>illustrations ;</subfield><subfield code='c'>21 cm</subfield></datafield><datafield ind1=' ' ind2=' ' tag='336'><subfield code='a'>text</subfield><subfield code='b'>txt</subfield><subfield code='2'>rdacontent</subfield></datafield><datafield ind1=' ' ind2=' ' tag='337'><subfield code='a'>unmediated</subfield><subfield code='b'>n</subfield><subfield code='2'>rdamedia</subfield></datafield><datafield ind1='0' ind2='0' tag='600'><subfield code='a'>Hippocrates</subfield><subfield code='v'>Fiction.</subfield></datafield><datafield ind1=' ' ind2='0' tag='650'><subfield code='a'>Physicians</subfield><subfield code='z'>Greece</subfield><subfield code='v'>Fiction.</subfield></datafield><datafield ind1=' ' ind2='7' tag='655'><subfield code='a'>Biographical fiction.</subfield><subfield code='2'>gsafd</subfield></datafield><datafield ind1='0' ind2='2' tag='600'><subfield code='a'>Hippocrates.</subfield></datafield><datafield ind1=' ' ind2=' ' tag='901'><subfield code='a'>8bcdfff5-d25d-49f4-abba-92314a5d9a52</subfield><subfield code='b'>9</subfield><subfield code='c'>false</subfield></datafield><datafield ind1='0' ind2='0' tag='852'><subfield code='h'>R126 .H6197 1960</subfield><subfield code='0'>4764350</subfield><subfield code='b'>scsbcul</subfield></datafield><datafield ind1=' ' ind2=' ' tag='876'><subfield code='0'>4764350</subfield><subfield code='a'>7126656</subfield><subfield code='h'> </subfield><subfield code='j'>Available</subfield><subfield code='p'>HS65088832</subfield><subfield code='t'>1</subfield><subfield code='x'>Open</subfield><subfield code='z'>HS</subfield><subfield code='l'>RECAP</subfield></datafield></record>