
<record><leader>02190cjm a2200517 a 4500</leader><controlfield tag='001'>SCSB-5746692</controlfield><controlfield tag='003'>NNC</controlfield><controlfield tag='005'>20230119042509.0</controlfield><controlfield tag='007'>sd bmmennmplu|</controlfield><controlfield tag='008'>930206s1960    nyuppn            n eng d</controlfield><controlfield tag='009'>10812692</controlfield><datafield ind1=' ' ind2=' ' tag='010'><subfield code='a'>   93703128 </subfield></datafield><datafield ind1='0' ind2='2' tag='028'><subfield code='a'>CL 1447</subfield><subfield code='b'>Columbia</subfield></datafield><datafield ind1=' ' ind2=' ' tag='035'><subfield code='a'>(OCoLC)ocm11387903</subfield></datafield><datafield ind1=' ' ind2=' ' tag='035'><subfield code='a'>(OCoLC)11387903</subfield></datafield><datafield ind1=' ' ind2=' ' tag='035'><subfield code='a'>(NNC)10812692</subfield></datafield><datafield ind1=' ' ind2=' ' tag='035'><subfield code='a'>10812692</subfield></datafield><datafield ind1=' ' ind2=' ' tag='040'><subfield code='a'>MnM</subfield><subfield code='b'>eng</subfield><subfield code='c'>DLC</subfield><subfield code='d'>OCLCQ</subfield><subfield code='d'>IXA</subfield><subfield code='d'>FXGBL</subfield><subfield code='d'>OCLCF</subfield></datafield><datafield ind1=' ' ind2=' ' tag='042'><subfield code='a'>lccopycat</subfield></datafield><datafield ind1=' ' ind2=' ' tag='043'><subfield code='a'>n-us---</subfield></datafield><datafield ind1='0' ind2='0' tag='050'><subfield code='a'>CL1447</subfield></datafield><datafield ind1='1' ind2=' ' tag='100'><subfield code='a'>Syms, Sylvia,</subfield><subfield code='e'>performer.</subfield><subfield code='4'>http://id.loc.gov/vocabulary/relators/prf</subfield><subfield code='0'>http://id.loc.gov/authorities/names/n78018983</subfield></datafield><datafield ind1='1' ind2='0' tag='245'><subfield code='a'>Torch song.</subfield></datafield><datafield ind1=' ' ind2=' ' tag='260'><subfield code='a'>[New York, N.Y.] :</subfield><subfield code='b'>Columbia,</subfield><subfield code='c'>[1960?]</subfield></datafield><datafield ind1=' ' ind2=' ' tag='300'><subfield code='a'>1 audio disc :</subfield><subfield code='b'>analog, 33 1/3 rpm, mono ;</subfield><subfield code='c'>12 in.</subfield></datafield><datafield ind1=' ' ind2=' ' tag='336'><subfield code='a'>performed music</subfield><subfield code='b'>prm</subfield><subfield code='2'>rdacontent</subfield></datafield><datafield ind1=' ' ind2=' ' tag='337'><subfield code='a'>audio</subfield><subfield code='b'>s</subfield><subfield code='2'>rdamedia</subfield></datafield><datafield ind1='0' ind2=' ' tag='511'><subfield code='a'>Sylvia Syms, vocals ; Ralph Burns, conductor, arranger.</subfield></datafield><datafield ind1='0' ind2=' ' tag='505'><subfield code='a'>I\u0027ve got to sing a torch song (3:34) -- You\u0027re nearer (3:39) -- Just imagine (3:52) -- Orchids in the moonlight (3:22) -- Yesterdays (3:22) -- There\u0027s a lull in my life (3:31) -- Without love (2:29) -- I\u0027m a dreamer, aren\u0027t we all? (2:37) -- If I had a talking picture (3:07) -- Remind me (3:27) -- You let me down (4:25) -- Falling in love with love (2:19).</subfield></datafield><datafield ind1=' ' ind2='0' tag='650'><subfield code='a'>Popular music</subfield><subfield code='y'>1951-1960.</subfield><subfield code='0'>http://id.loc.gov/authorities/subjects/sh87003306</subfield></datafield><datafield ind1=' ' ind2='7' tag='650'><subfield code='a'>Popular music.</subfield><subfield code='2'>fast</subfield><subfield code='0'>(OCoLC)fst01071422</subfield></datafield><datafield ind1=' ' ind2='7' tag='648'><subfield code='a'>1951 - 1960</subfield><subfield code='2'>fast</subfield></datafield><datafield ind1='1' ind2=' ' tag='700'><subfield code='a'>Burns, Ralph,</subfield><subfield code='e'>conductor,</subfield><subfield code='e'>arranger of music.</subfield><subfield code='4'>http://id.loc.gov/vocabulary/relators/cnd</subfield><subfield code='4'>http://id.loc.gov/vocabulary/relators/arr</subfield><subfield code='0'>http://id.loc.gov/authorities/names/n82101496</subfield></datafield><datafield ind1='0' ind2='2' tag='740'><subfield code='a'>I\u0027ve got to sing a torch song.</subfield></datafield><datafield ind1='0' ind2='2' tag='740'><subfield code='a'>You\u0027re nearer.</subfield></datafield><datafield ind1='0' ind2='2' tag='740'><subfield code='a'>Just imagine.</subfield></datafield><datafield ind1='0' ind2='2' tag='740'><subfield code='a'>Orchids in the moonlight.</subfield></datafield><datafield ind1='0' ind2='2' tag='740'><subfield code='a'>Yesterdays.</subfield></datafield><datafield ind1='0' ind2='2' tag='740'><subfield code='a'>There\u0027s a lull in my life.</subfield></datafield><datafield ind1='0' ind2='2' tag='740'><subfield code='a'>Without love.</subfield></datafield><datafield ind1='0' ind2='2' tag='740'><subfield code='a'>I\u0027m a dreamer, aren\u0027t we all?</subfield></datafield><datafield ind1='0' ind2='2' tag='740'><subfield code='a'>If I had a talking picture.</subfield></datafield><datafield ind1='0' ind2='2' tag='740'><subfield code='a'>Remind me.</subfield></datafield><datafield ind1='0' ind2='2' tag='740'><subfield code='a'>You let me down.</subfield></datafield><datafield ind1='0' ind2='2' tag='740'><subfield code='a'>Falling in love with love.</subfield></datafield><datafield ind1='8' ind2='0' tag='852'><subfield code='h'>SNK19223</subfield><subfield code='0'>5736536</subfield><subfield code='b'>scsbcul</subfield></datafield><datafield ind1=' ' ind2=' ' tag='876'><subfield code='0'>5736536</subfield><subfield code='a'>8445340</subfield><subfield code='h'>In Library Use</subfield><subfield code='j'>Available</subfield><subfield code='p'>MRS0192236</subfield><subfield code='t'>1</subfield><subfield code='x'>Shared</subfield><subfield code='z'>MR</subfield><subfield code='l'>RECAP</subfield></datafield></record>