
<record><leader>00000nam a22002658a 4500</leader><controlfield tag='001'>SCSB-12720765</controlfield><controlfield tag='005'>20050919133738.0</controlfield><controlfield tag='008'>050316s2005    enk    e      000 1 eng  </controlfield><controlfield tag='009'>990097595720203941</controlfield><datafield ind1=' ' ind2=' ' tag='015'><subfield code='a'>GBA536016</subfield><subfield code='2'>bnb</subfield></datafield><datafield ind1='7' ind2=' ' tag='016'><subfield code='a'>013185244</subfield><subfield code='2'>Uk</subfield></datafield><datafield ind1=' ' ind2=' ' tag='020'><subfield code='a'>0727862634 (hbk.)</subfield></datafield><datafield ind1=' ' ind2=' ' tag='035'><subfield code='a'>(OCoLC)59877972</subfield><subfield code='z'>(OCoLC)62131331</subfield></datafield><datafield ind1=' ' ind2=' ' tag='040'><subfield code='a'>UKM</subfield><subfield code='c'>UKM</subfield><subfield code='d'>BAKER</subfield></datafield><datafield ind1=' ' ind2=' ' tag='043'><subfield code='a'>ff-----</subfield></datafield><datafield ind1='0' ind2='4' tag='082'><subfield code='a'>823.914</subfield><subfield code='2'>22</subfield></datafield><datafield ind1='1' ind2=' ' tag='100'><subfield code='a'>Harding, Duncan,</subfield><subfield code='d'>1926-</subfield></datafield><datafield ind1='1' ind2='0' tag='245'><subfield code='a'>Operation torch /</subfield><subfield code='c'>Duncan Harding.</subfield></datafield><datafield ind1=' ' ind2=' ' tag='260'><subfield code='a'>Sutton :</subfield><subfield code='b'>Severn House,</subfield><subfield code='c'>2005.</subfield></datafield><datafield ind1=' ' ind2=' ' tag='300'><subfield code='a'>192 p. ;</subfield><subfield code='c'>23 cm.</subfield></datafield><datafield ind1=' ' ind2=' ' tag='520'><subfield code='a'>In the summer of 1942, seven months after the Japanese attacked Pearl Harbour, with the three Axis powers, Japan, Germany and Italy, at war with the USA, what does President Roosevelt decide to do? He decides to invade French North Africa, of course, sending 150,000 soldiers in a couple of hundred ships 5,000 miles to spearhead Ooperation Torch, a name designed to inspire the French to rise up and fight against their oppressors. But he hasn&apos;t reckoned with the French North Africans, who are living the good life away from the war. And he didn&apos;t expect those he was &apos;liberating&apos; to rise up against his forces.</subfield></datafield><datafield ind1=' ' ind2='0' tag='650'><subfield code='a'>Operation Torch, 1942</subfield><subfield code='v'>Fiction.</subfield></datafield><datafield ind1=' ' ind2='0' tag='650'><subfield code='a'>World War, 1939-1945</subfield><subfield code='x'>Campaigns</subfield><subfield code='z'>Africa, North</subfield><subfield code='v'>Fiction.</subfield></datafield><datafield ind1=' ' ind2='7' tag='655'><subfield code='a'>War stories</subfield><subfield code='2'>gsafd</subfield></datafield><datafield ind1=' ' ind2='0' tag='650'><subfield code='a'>Operation Torch, 1942</subfield><subfield code='v'>Fiction.</subfield></datafield><datafield ind1=' ' ind2='7' tag='655'><subfield code='a'>Fiction</subfield><subfield code='2'>fast</subfield></datafield><datafield ind1=' ' ind2='7' tag='655'><subfield code='a'>War fiction</subfield><subfield code='2'>lcgft</subfield></datafield><datafield ind1=' ' ind2='7' tag='647'><subfield code='a'>World War</subfield><subfield code='d'>(1939-1945)</subfield><subfield code='2'>fast</subfield><subfield code='0'>(OCoLC)fst01180924</subfield><subfield code='1'>https://id.oclc.org/worldcat/entity/E39Qhp4vBbhpRH9XvjbDFXtxhb</subfield></datafield><datafield ind1=' ' ind2='7' tag='647'><subfield code='a'>Operation Torch</subfield><subfield code='d'>(1942)</subfield><subfield code='2'>fast</subfield><subfield code='0'>(OCoLC)fst01756678</subfield><subfield code='1'>https://id.oclc.org/worldcat/entity/E39Qhp4vBbhpYHgqgJMc8bTWBX</subfield></datafield><datafield ind1=' ' ind2='7' tag='648'><subfield code='a'>1939-1945</subfield><subfield code='2'>fast</subfield></datafield><datafield ind1='1' ind2=' ' tag='583'><subfield code='a'>committed to retain</subfield><subfield code='c'>20181001</subfield><subfield code='d'>in perpetuity</subfield><subfield code='f'>ReCAP Shared Collection</subfield><subfield code='5'>HUL</subfield><subfield code='8'>222085021100003941</subfield></datafield><datafield ind1='0' ind2=' ' tag='852'><subfield code='c'>HD</subfield><subfield code='0'>13566911</subfield><subfield code='b'>scsbhl</subfield></datafield><datafield ind1=' ' ind2=' ' tag='876'><subfield code='0'>13566911</subfield><subfield code='a'>19388975</subfield><subfield code='h'> </subfield><subfield code='j'>Available</subfield><subfield code='k'>WID</subfield><subfield code='p'>HXVS1Y</subfield><subfield code='x'>Shared</subfield><subfield code='z'>HW</subfield><subfield code='l'>HD</subfield></datafield></record>