
<record><leader>00931cam a2200337 i 4500</leader><controlfield tag='001'>SCSB-2399724</controlfield><controlfield tag='003'>NNC</controlfield><controlfield tag='005'>20220519003708.0</controlfield><controlfield tag='008'>850520s1977    nyu           000 1 eng  </controlfield><controlfield tag='009'>344836</controlfield><datafield ind1=' ' ind2=' ' tag='010'><subfield code='a'>   76042209 </subfield></datafield><datafield ind1=' ' ind2=' ' tag='020'><subfield code='a'>0374278482 :</subfield><subfield code='c'>$8.95</subfield></datafield><datafield ind1=' ' ind2=' ' tag='035'><subfield code='a'>(OCoLC)2439506</subfield></datafield><datafield ind1=' ' ind2=' ' tag='035'><subfield code='a'>(OCoLC)ocm02439506</subfield></datafield><datafield ind1=' ' ind2=' ' tag='035'><subfield code='a'>(CStRLIN)NYCG85-B48137</subfield></datafield><datafield ind1=' ' ind2=' ' tag='035'><subfield code='9'>ABN1273CU</subfield></datafield><datafield ind1=' ' ind2=' ' tag='035'><subfield code='a'>(NNC)344836</subfield></datafield><datafield ind1=' ' ind2=' ' tag='035'><subfield code='a'>344836</subfield></datafield><datafield ind1=' ' ind2=' ' tag='040'><subfield code='d'>NNC</subfield></datafield><datafield ind1='0' ind2='0' tag='050'><subfield code='a'>PZ4.R738</subfield><subfield code='b'>To 3</subfield><subfield code='a'>PS3568.O53</subfield></datafield><datafield ind1='0' ind2=' ' tag='082'><subfield code='a'>813/.5/4</subfield></datafield><datafield ind1=' ' ind2=' ' tag='090'><subfield code='a'>PS3568.053</subfield><subfield code='b'>T67</subfield></datafield><datafield ind1='1' ind2=' ' tag='100'><subfield code='a'>Roiphe, Anne Richardson,</subfield><subfield code='d'>1935-</subfield><subfield code='0'>http://id.loc.gov/authorities/names/n50046008</subfield></datafield><datafield ind1='1' ind2='0' tag='245'><subfield code='a'>Torch song /</subfield><subfield code='c'>Anne Roiphe.</subfield></datafield><datafield ind1=' ' ind2=' ' tag='250'><subfield code='a'>1st ed.</subfield></datafield><datafield ind1=' ' ind2=' ' tag='260'><subfield code='a'>New York :</subfield><subfield code='b'>Farrar, Straus and Giroux,</subfield><subfield code='c'>1977.</subfield></datafield><datafield ind1=' ' ind2=' ' tag='300'><subfield code='a'>225 pages ;</subfield><subfield code='c'>22 cm</subfield></datafield><datafield ind1=' ' ind2=' ' tag='336'><subfield code='a'>text</subfield><subfield code='2'>rdacontent</subfield></datafield><datafield ind1=' ' ind2=' ' tag='337'><subfield code='a'>unmediated</subfield><subfield code='2'>rdamedia</subfield></datafield><datafield ind1=' ' ind2=' ' tag='338'><subfield code='a'>volume</subfield><subfield code='2'>rdacarrier</subfield></datafield><datafield ind1='0' ind2='0' tag='852'><subfield code='h'>PS3568.053 T67</subfield><subfield code='0'>2372348</subfield><subfield code='b'>scsbcul</subfield></datafield><datafield ind1=' ' ind2=' ' tag='876'><subfield code='0'>2372348</subfield><subfield code='a'>3606297</subfield><subfield code='h'> </subfield><subfield code='j'>Available</subfield><subfield code='p'>CU54827310</subfield><subfield code='t'>1</subfield><subfield code='x'>Shared</subfield><subfield code='z'>CU</subfield><subfield code='l'>RECAP</subfield></datafield></record>