
<record><leader>01198cam a2200373 a 4500</leader><controlfield tag='001'>SCSB-2704737</controlfield><controlfield tag='003'>NNC</controlfield><controlfield tag='005'>20220526003201.0</controlfield><controlfield tag='008'>890626s1987    ii a     b    000 0 eng  </controlfield><controlfield tag='009'>760662</controlfield><datafield ind1=' ' ind2=' ' tag='010'><subfield code='a'>   87903848 </subfield></datafield><datafield ind1=' ' ind2=' ' tag='020'><subfield code='c'>Rs106.00</subfield></datafield><datafield ind1=' ' ind2=' ' tag='025'><subfield code='a'>I E 55536</subfield></datafield><datafield ind1=' ' ind2=' ' tag='035'><subfield code='a'>(OCoLC)18496466</subfield></datafield><datafield ind1=' ' ind2=' ' tag='035'><subfield code='a'>(OCoLC)ocm18496466</subfield></datafield><datafield ind1=' ' ind2=' ' tag='035'><subfield code='a'>(CStRLIN)NYCG89-B47041</subfield></datafield><datafield ind1=' ' ind2=' ' tag='035'><subfield code='9'>ADU2891CU</subfield></datafield><datafield ind1=' ' ind2=' ' tag='035'><subfield code='a'>(NNC)760662</subfield></datafield><datafield ind1=' ' ind2=' ' tag='035'><subfield code='a'>760662</subfield></datafield><datafield ind1=' ' ind2=' ' tag='043'><subfield code='a'>a-ii---</subfield></datafield><datafield ind1='0' ind2='0' tag='050'><subfield code='a'>DS485.D13</subfield><subfield code='b'>L45 1987</subfield></datafield><datafield ind1='0' ind2=' ' tag='082'><subfield code='a'>954/.796</subfield><subfield code='2'>19</subfield></datafield><datafield ind1=' ' ind2=' ' tag='090'><subfield code='a'>DS485.D13</subfield><subfield code='b'>L45 1987</subfield></datafield><datafield ind1='1' ind2=' ' tag='100'><subfield code='a'>Lele, P. S.</subfield><subfield code='q'>(Purushottam Shripad),</subfield><subfield code='d'>1919-</subfield><subfield code='0'>http://id.loc.gov/authorities/names/n85103102</subfield></datafield><datafield ind1='1' ind2='0' tag='245'><subfield code='a'>Dadra and Nagar Haveli :</subfield><subfield code='b'>past and present /</subfield><subfield code='c'>by P.S. Lele.</subfield></datafield><datafield ind1=' ' ind2=' ' tag='260'><subfield code='a'>Union Territory of Dadra &amp; Nagar Haveli :</subfield><subfield code='b'>Usha P. Lele,</subfield><subfield code='c'>1987.</subfield></datafield><datafield ind1=' ' ind2=' ' tag='300'><subfield code='a'>248 pages :</subfield><subfield code='b'>illustrations ;</subfield><subfield code='c'>23 cm</subfield></datafield><datafield ind1=' ' ind2=' ' tag='336'><subfield code='a'>text</subfield><subfield code='2'>rdacontent</subfield></datafield><datafield ind1=' ' ind2=' ' tag='337'><subfield code='a'>unmediated</subfield><subfield code='2'>rdamedia</subfield></datafield><datafield ind1=' ' ind2=' ' tag='338'><subfield code='a'>volume</subfield><subfield code='2'>rdacarrier</subfield></datafield><datafield ind1=' ' ind2=' ' tag='500'><subfield code='a'>Includes passages in Marathi.</subfield></datafield><datafield ind1=' ' ind2=' ' tag='500'><subfield code='a'>Map on lining papers.</subfield></datafield><datafield ind1=' ' ind2=' ' tag='504'><subfield code='a'>Bibliography: p. 247-248.</subfield></datafield><datafield ind1=' ' ind2='0' tag='651'><subfield code='a'>Dādra and Nagar Haveli (India)</subfield><subfield code='0'>http://id.loc.gov/authorities/names/n81033273</subfield></datafield><datafield ind1='0' ind2='0' tag='852'><subfield code='h'>DS485.D13 L45 1987</subfield><subfield code='0'>2683191</subfield><subfield code='b'>scsbcul</subfield></datafield><datafield ind1=' ' ind2=' ' tag='876'><subfield code='0'>2683191</subfield><subfield code='a'>4291768</subfield><subfield code='h'> </subfield><subfield code='j'>Available</subfield><subfield code='p'>CU52708764</subfield><subfield code='t'>1</subfield><subfield code='x'>Shared</subfield><subfield code='z'>CU</subfield><subfield code='l'>RECAP</subfield></datafield></record>