
<record><leader>00841aam a2200253 a 4500</leader><controlfield tag='001'>SCSB-10008163</controlfield><controlfield tag='005'>20020606093309.7</controlfield><controlfield tag='008'>911025s1986    ii a          000 0 eng  </controlfield><controlfield tag='009'>990027029080203941</controlfield><datafield ind1=' ' ind2=' ' tag='010'><subfield code='a'>^^^91905512^</subfield></datafield><datafield ind1=' ' ind2=' ' tag='020'><subfield code='c'>Rs350.00</subfield></datafield><datafield ind1=' ' ind2=' ' tag='035'><subfield code='a'>(OCoLC)26128465</subfield></datafield><datafield ind1=' ' ind2=' ' tag='040'><subfield code='a'>DLC</subfield><subfield code='c'>DLC</subfield><subfield code='d'>TOZ</subfield></datafield><datafield ind1=' ' ind2=' ' tag='043'><subfield code='a'>a-ii---</subfield></datafield><datafield ind1='0' ind2='0' tag='050'><subfield code='a'>DS485.D13</subfield><subfield code='b'>H87 1986</subfield></datafield><datafield ind1='1' ind2=' ' tag='100'><subfield code='a'>Hussain, Reshma.</subfield></datafield><datafield ind1='1' ind2='0' tag='245'><subfield code='a'>Dadra and Nagar Haveli :</subfield><subfield code='b'>a study in tribal resurgence /</subfield><subfield code='c'>Reshma Hussain ; with some impressions by Mario Cabral e Sa.</subfield></datafield><datafield ind1=' ' ind2=' ' tag='260'><subfield code='a'>Silvassa :</subfield><subfield code='b'>Indian Red Cross Society,</subfield><subfield code='c'>1986.</subfield></datafield><datafield ind1=' ' ind2=' ' tag='300'><subfield code='a'>92 p. :</subfield><subfield code='b'>ill. (some col.) ;</subfield><subfield code='c'>28 cm.</subfield></datafield><datafield ind1=' ' ind2='0' tag='650'><subfield code='a'>Indigenous peoples</subfield><subfield code='z'>India</subfield><subfield code='z'>Dādra and Nagar Haveli.</subfield></datafield><datafield ind1=' ' ind2='0' tag='651'><subfield code='a'>Dādra and Nagar Haveli (India)</subfield></datafield><datafield ind1=' ' ind2='0' tag='651'><subfield code='a'>Dādra and Nagar Haveli (India)</subfield><subfield code='x'>Scheduled tribes.</subfield></datafield><datafield ind1='1' ind2=' ' tag='583'><subfield code='a'>committed to retain</subfield><subfield code='c'>20181001</subfield><subfield code='d'>in perpetuity</subfield><subfield code='f'>ReCAP Shared Collection</subfield><subfield code='5'>HUL</subfield><subfield code='8'>221840251340003941</subfield></datafield><datafield ind1='7' ind2=' ' tag='852'><subfield code='2'>ZTOZ</subfield><subfield code='c'>HD</subfield><subfield code='h'>IND. H 964 d</subfield><subfield code='0'>10753255</subfield><subfield code='b'>scsbhl</subfield></datafield><datafield ind1=' ' ind2=' ' tag='876'><subfield code='0'>10753255</subfield><subfield code='a'>16450206</subfield><subfield code='h'> </subfield><subfield code='j'>Available</subfield><subfield code='k'>TOZ</subfield><subfield code='p'>TZ1GUA</subfield><subfield code='x'>Shared</subfield><subfield code='z'>TZ</subfield><subfield code='l'>HD</subfield></datafield></record>