
<record><leader>00951cam a2200217 i 4500</leader><controlfield tag='001'>SCSB-5997852</controlfield><controlfield tag='005'>20000629175749.0</controlfield><controlfield tag='008'>870717s1976    ii bf        f000 0 eng d</controlfield><controlfield tag='009'>.b111152781</controlfield><datafield ind1=' ' ind2=' ' tag='040'><subfield code='a'>CU</subfield><subfield code='c'>CU</subfield><subfield code='d'>NN</subfield><subfield code='d'>WaOLN</subfield></datafield><datafield ind1='1' ind2=' ' tag='100'><subfield code='a'>Ranganatha, M. R.</subfield></datafield><datafield ind1='1' ind2='0' tag='245'><subfield code='a'>Survey of Varli in Dadra &amp; Nagar Haveli /</subfield><subfield code='c'>general supervision and guidance, R. C. Nigam ; investigation and report, M. R. Ranganatha.</subfield></datafield><datafield ind1=' ' ind2=' ' tag='260'><subfield code='a'>[Delhi] :</subfield><subfield code='b'>Language Division, Office of the Registrar General, India,</subfield><subfield code='c'>1976.</subfield></datafield><datafield ind1=' ' ind2=' ' tag='300'><subfield code='a'>viii, 50 p. [1] fold. leaf of plates :</subfield><subfield code='b'>map ;</subfield><subfield code='c'>26 cm.</subfield></datafield><datafield ind1=' ' ind2='0' tag='440'><subfield code='a'>Census of India, 1971.</subfield><subfield code='n'>Series 1.</subfield><subfield code='p'>Language monograph (1961 series) ;</subfield><subfield code='v'>; monograph no. 6</subfield></datafield><datafield ind1=' ' ind2='0' tag='650'><subfield code='a'>Warli language.</subfield></datafield><datafield ind1='1' ind2=' ' tag='700'><subfield code='a'>Nigam, R. C.</subfield><subfield code='q'>(Ramesh Chandra),</subfield><subfield code='d'>1917-</subfield></datafield><datafield ind1=' ' ind2=' ' tag='907'><subfield code='a'>.b111152781</subfield><subfield code='c'>m</subfield><subfield code='d'>a</subfield><subfield code='e'>-</subfield><subfield code='f'>eng</subfield><subfield code='g'>ii</subfield><subfield code='h'>0</subfield><subfield code='i'>1</subfield></datafield><datafield ind1='8' ind2=' ' tag='852'><subfield code='h'>*OLH 86-4323</subfield><subfield code='0'>6010045</subfield><subfield code='b'>scsbnypl</subfield></datafield><datafield ind1=' ' ind2=' ' tag='876'><subfield code='0'>6010045</subfield><subfield code='a'>9690856</subfield><subfield code='j'>Available</subfield><subfield code='p'>33433061319145</subfield><subfield code='t'>1</subfield><subfield code='x'>Shared</subfield><subfield code='z'>NA</subfield><subfield code='l'>RECAP</subfield></datafield></record>