
<record><leader>01315cam a2200289   4500</leader><controlfield tag='001'>SCSB-6541107</controlfield><controlfield tag='005'>20000629170823.0</controlfield><controlfield tag='008'>741210s1973    ii a          00| 0|eng| </controlfield><controlfield tag='009'>.b102105121</controlfield><datafield ind1=' ' ind2=' ' tag='010'><subfield code='a'>73906137</subfield></datafield><datafield ind1=' ' ind2=' ' tag='040'><subfield code='c'>NN</subfield><subfield code='d'>NN</subfield><subfield code='d'>WaOLN</subfield></datafield><datafield ind1='1' ind2='0' tag='245'><subfield code='a'>District census handbook: series 26: Dadra &amp; Nagar Haveli.</subfield></datafield><datafield ind1=' ' ind2=' ' tag='260'><subfield code='a'>[Panaji,</subfield><subfield code='c'>1973]</subfield></datafield><datafield ind1=' ' ind2=' ' tag='300'><subfield code='a'>2 pts. in 1</subfield><subfield code='b'>maps.</subfield><subfield code='c'>28 cm.</subfield></datafield><datafield ind1=' ' ind2=' ' tag='500'><subfield code='a'>Forms part 10 of series 26 (Dadra &amp; Nagar Haveli) of Census of India, 1971.</subfield></datafield><datafield ind1=' ' ind2=' ' tag='500'><subfield code='a'>Half title: Position of Dadra and Nagar Haveli in India. 1971.</subfield></datafield><datafield ind1=' ' ind2=' ' tag='500'><subfield code='a'>On t. p.: S. K. Gandhe, Director of Census Operations, Goa, Daman, and Diu and Dadra and Nagar Haveli.</subfield></datafield><datafield ind1=' ' ind2=' ' tag='500'><subfield code='a'>The handbook is issued in 3 pts: A - Town &amp; village directory: B - Village and townwise primary census abstract; C - Analytical report and administration statements and district census tables.</subfield></datafield><datafield ind1=' ' ind2='0' tag='651'><subfield code='a'>Dādra and Nagar Haveli (India)</subfield><subfield code='v'>Census, 1971.</subfield></datafield><datafield ind1='1' ind2=' ' tag='700'><subfield code='a'>Gandhe, S. K.</subfield></datafield><datafield ind1='1' ind2=' ' tag='710'><subfield code='a'>India.</subfield><subfield code='b'>Office of the Registrar General.</subfield><subfield code='t'>Census of India (1971).</subfield></datafield><datafield ind1=' ' ind2=' ' tag='907'><subfield code='a'>.b102105121</subfield><subfield code='c'>m</subfield><subfield code='d'>a</subfield><subfield code='e'>-</subfield><subfield code='f'>eng</subfield><subfield code='g'>ii</subfield><subfield code='h'>0</subfield><subfield code='i'>1</subfield></datafield><datafield ind1=' ' ind2=' ' tag='991'><subfield code='y'>994901</subfield></datafield><datafield ind1=' ' ind2=' ' tag='035'><subfield code='a'>(OCoLC)994901</subfield></datafield><datafield ind1='8' ind2=' ' tag='852'><subfield code='h'>JLM 74-1621</subfield><subfield code='0'>6615383</subfield><subfield code='b'>scsbnypl</subfield></datafield><datafield ind1=' ' ind2=' ' tag='866'><subfield code='a'>pt. A-B</subfield><subfield code='0'>6615383</subfield></datafield><datafield ind1=' ' ind2=' ' tag='876'><subfield code='0'>6615383</subfield><subfield code='3'>pt. A-B</subfield><subfield code='a'>10647982</subfield><subfield code='j'>Available</subfield><subfield code='p'>33433066178512</subfield><subfield code='t'>1</subfield><subfield code='x'>Shared</subfield><subfield code='z'>NA</subfield><subfield code='l'>RECAP</subfield></datafield></record>