
<record><leader>01216cam a2200349 i 4500</leader><controlfield tag='001'>SCSB-2693320</controlfield><controlfield tag='003'>NNC</controlfield><controlfield tag='005'>20220526000734.0</controlfield><controlfield tag='008'>781204s1976    ii abf        000 0 eng  </controlfield><controlfield tag='009'>744143</controlfield><datafield ind1=' ' ind2=' ' tag='010'><subfield code='a'>   77900330 </subfield></datafield><datafield ind1=' ' ind2=' ' tag='020'><subfield code='c'>Rs4.50</subfield></datafield><datafield ind1=' ' ind2=' ' tag='035'><subfield code='a'>(OCoLC)3604421</subfield></datafield><datafield ind1=' ' ind2=' ' tag='035'><subfield code='a'>(OCoLC)ocm03604421</subfield></datafield><datafield ind1=' ' ind2=' ' tag='035'><subfield code='a'>(CStRLIN)NYCG8955980-B</subfield></datafield><datafield ind1=' ' ind2=' ' tag='035'><subfield code='9'>ADF7562CU</subfield></datafield><datafield ind1=' ' ind2=' ' tag='035'><subfield code='a'>(NNC)744143</subfield></datafield><datafield ind1=' ' ind2=' ' tag='035'><subfield code='a'>744143</subfield></datafield><datafield ind1=' ' ind2=' ' tag='043'><subfield code='a'>a-ii---</subfield></datafield><datafield ind1='0' ind2='0' tag='050'><subfield code='a'>DS498</subfield><subfield code='b'>.D46</subfield></datafield><datafield ind1='0' ind2=' ' tag='082'><subfield code='a'>954/.799/04</subfield></datafield><datafield ind1='1' ind2=' ' tag='100'><subfield code='a'>Desai, S. S.</subfield></datafield><datafield ind1='1' ind2='0' tag='245'><subfield code='a'>Goa, Daman and Diu, Dadra and Nagar Haveli /</subfield><subfield code='c'>S. S. Desai.</subfield></datafield><datafield ind1=' ' ind2=' ' tag='260'><subfield code='a'>New Delhi :</subfield><subfield code='b'>Publications Division, Ministry of Information and Broadcasting, Govt. of India,</subfield><subfield code='c'>1976.</subfield></datafield><datafield ind1=' ' ind2=' ' tag='300'><subfield code='a'>61. pages, 9 unnumbered leaves of plates :</subfield><subfield code='b'>illustrations, map ;</subfield><subfield code='c'>22 cm.</subfield></datafield><datafield ind1=' ' ind2=' ' tag='336'><subfield code='a'>text</subfield><subfield code='2'>rdacontent</subfield></datafield><datafield ind1=' ' ind2=' ' tag='337'><subfield code='a'>unmediated</subfield><subfield code='2'>rdamedia</subfield></datafield><datafield ind1=' ' ind2=' ' tag='338'><subfield code='a'>volume</subfield><subfield code='2'>rdacarrier</subfield></datafield><datafield ind1='1' ind2=' ' tag='490'><subfield code='a'>States of our Union ;</subfield><subfield code='v'>21</subfield></datafield><datafield ind1=' ' ind2='0' tag='651'><subfield code='a'>Goa, Daman and Diu (India)</subfield><subfield code='0'>http://id.loc.gov/authorities/names/n80067260</subfield></datafield><datafield ind1=' ' ind2='0' tag='651'><subfield code='a'>Dādra and Nagar Haveli (India)</subfield><subfield code='0'>http://id.loc.gov/authorities/names/n81033273</subfield></datafield><datafield ind1=' ' ind2='0' tag='830'><subfield code='a'>States of our Union ;</subfield><subfield code='v'>21.</subfield><subfield code='0'>http://id.loc.gov/authorities/names/n42023315</subfield></datafield><datafield ind1='0' ind2='0' tag='852'><subfield code='h'>DS498 .D46</subfield><subfield code='0'>2671638</subfield><subfield code='b'>scsbcul</subfield></datafield><datafield ind1=' ' ind2=' ' tag='876'><subfield code='0'>2671638</subfield><subfield code='a'>4273867</subfield><subfield code='h'> </subfield><subfield code='j'>Not Available</subfield><subfield code='p'>CU57637644</subfield><subfield code='t'>1</subfield><subfield code='x'>Shared</subfield><subfield code='z'>CU</subfield><subfield code='l'>RECAP</subfield></datafield></record>