
<record><leader>01272cam a2200337 i 4500</leader><controlfield tag='001'>SCSB-2176894</controlfield><controlfield tag='003'>NNC</controlfield><controlfield tag='005'>20220518190452.0</controlfield><controlfield tag='008'>810713s1974    ii b     b   f000 0 eng d</controlfield><controlfield tag='009'>49558</controlfield><datafield ind1=' ' ind2=' ' tag='035'><subfield code='a'>(OCoLC)82266759</subfield></datafield><datafield ind1=' ' ind2=' ' tag='035'><subfield code='a'>(OCoLC)ocm82266759</subfield></datafield><datafield ind1=' ' ind2=' ' tag='035'><subfield code='a'>(CStRLIN)NYCG25390333-B</subfield></datafield><datafield ind1=' ' ind2=' ' tag='035'><subfield code='9'>AAF2725CU</subfield></datafield><datafield ind1=' ' ind2=' ' tag='035'><subfield code='a'>(NNC)49558</subfield></datafield><datafield ind1=' ' ind2=' ' tag='035'><subfield code='a'>49558</subfield></datafield><datafield ind1=' ' ind2=' ' tag='040'><subfield code='a'>CU</subfield><subfield code='c'>CU</subfield><subfield code='d'>NNC</subfield></datafield><datafield ind1=' ' ind2=' ' tag='043'><subfield code='a'>a-ii---</subfield></datafield><datafield ind1=' ' ind2=' ' tag='090'><subfield code='a'>HN690.D3</subfield><subfield code='b'>D3</subfield></datafield><datafield ind1='1' ind2=' ' tag='100'><subfield code='a'>Dass, Ganesh.</subfield></datafield><datafield ind1='1' ind2='0' tag='245'><subfield code='a'>Socio-economic profile of Dadra and Nagar Haveli /</subfield><subfield code='c'>compilation and draft, Ganesh Dass ; editing, K. D. Ballal.</subfield></datafield><datafield ind1=' ' ind2=' ' tag='260'><subfield code='a'>Delhi :</subfield><subfield code='b'>Controller of Publications,</subfield><subfield code='c'>1974.</subfield></datafield><datafield ind1=' ' ind2=' ' tag='300'><subfield code='a'>vii, 71 pages :</subfield><subfield code='b'>maps ;</subfield><subfield code='c'>20 cm.</subfield></datafield><datafield ind1=' ' ind2=' ' tag='336'><subfield code='a'>text</subfield><subfield code='2'>rdacontent</subfield></datafield><datafield ind1=' ' ind2=' ' tag='337'><subfield code='a'>unmediated</subfield><subfield code='2'>rdamedia</subfield></datafield><datafield ind1=' ' ind2=' ' tag='338'><subfield code='a'>volume</subfield><subfield code='2'>rdacarrier</subfield></datafield><datafield ind1='1' ind2=' ' tag='490'><subfield code='a'>Census of India, 1971 : Series 1, India : Miscellaneous studies monograph (1961 series) ; no. 2</subfield></datafield><datafield ind1=' ' ind2=' ' tag='504'><subfield code='a'>Includes bibliographical references.</subfield></datafield><datafield ind1=' ' ind2='0' tag='651'><subfield code='a'>Dādra and Nagar Haveli (India)</subfield><subfield code='x'>Social conditions.</subfield></datafield><datafield ind1=' ' ind2='0' tag='651'><subfield code='a'>Dādra and Nagar Haveli (India)</subfield><subfield code='x'>Economic conditions.</subfield></datafield><datafield ind1='1' ind2=' ' tag='810'><subfield code='a'>India.</subfield><subfield code='b'>Office of the Registrar General.</subfield><subfield code='t'>Census of India, 1971. Series 1, India : Miscellaneous studies monograph (1961 series) ;</subfield><subfield code='v'>monograph no. 2.</subfield></datafield><datafield ind1='0' ind2='0' tag='852'><subfield code='h'>HN690.D3 D3</subfield><subfield code='0'>2143933</subfield><subfield code='b'>scsbcul</subfield></datafield><datafield ind1=' ' ind2=' ' tag='876'><subfield code='0'>2143933</subfield><subfield code='a'>3312092</subfield><subfield code='h'> </subfield><subfield code='j'>Available</subfield><subfield code='p'>CU52596338</subfield><subfield code='t'>1</subfield><subfield code='x'>Shared</subfield><subfield code='z'>CU</subfield><subfield code='l'>RECAP</subfield></datafield></record>