
<record><leader>00820cam a2200241   4500</leader><controlfield tag='001'>SCSB-7057333</controlfield><controlfield tag='005'>20000629172233.0</controlfield><controlfield tag='008'>770503s1974    ii            00| 0|eng| </controlfield><controlfield tag='009'>.b104051498</controlfield><datafield ind1=' ' ind2=' ' tag='010'><subfield code='a'>75900333</subfield></datafield><datafield ind1=' ' ind2=' ' tag='040'><subfield code='c'>NN</subfield><subfield code='d'>NN</subfield><subfield code='d'>WaOLN</subfield></datafield><datafield ind1=' ' ind2='0' tag='050'><subfield code='a'>HD2346.I52</subfield><subfield code='b'>D33 1974</subfield></datafield><datafield ind1='1' ind2=' ' tag='110'><subfield code='a'>India.</subfield><subfield code='b'>Khadi and Village Industries Commission.</subfield></datafield><datafield ind1='1' ind2='0' tag='245'><subfield code='a'>Report on rapid survey of Dadra and Nagar Haveli.</subfield></datafield><datafield ind1=' ' ind2=' ' tag='260'><subfield code='a'>Bombay :</subfield><subfield code='b'>Khadi and Village Industries Commission, Bombay,</subfield><subfield code='c'>1974.</subfield></datafield><datafield ind1=' ' ind2=' ' tag='300'><subfield code='a'>44 p. ;</subfield><subfield code='c'>22 cm.</subfield></datafield><datafield ind1=' ' ind2='0' tag='650'><subfield code='a'>Cottage industries</subfield><subfield code='z'>India</subfield><subfield code='z'>Dādra and Nagar Haveli.</subfield></datafield><datafield ind1=' ' ind2=' ' tag='907'><subfield code='a'>.b104051498</subfield><subfield code='c'>m</subfield><subfield code='d'>a</subfield><subfield code='e'>-</subfield><subfield code='f'>eng</subfield><subfield code='g'>ii</subfield><subfield code='h'>0</subfield><subfield code='i'>1</subfield></datafield><datafield ind1=' ' ind2=' ' tag='991'><subfield code='y'>2136793</subfield></datafield><datafield ind1=' ' ind2=' ' tag='035'><subfield code='a'>(OCoLC)2136793</subfield></datafield><datafield ind1='8' ind2=' ' tag='852'><subfield code='h'>JLD 77-1473</subfield><subfield code='0'>7146141</subfield><subfield code='b'>scsbnypl</subfield></datafield><datafield ind1=' ' ind2=' ' tag='876'><subfield code='0'>7146141</subfield><subfield code='a'>11549565</subfield><subfield code='j'>Available</subfield><subfield code='p'>33433030643153</subfield><subfield code='t'>1</subfield><subfield code='x'>Shared</subfield><subfield code='z'>NA</subfield><subfield code='l'>RECAP</subfield></datafield></record>