
<record><leader>01285cam a2200349 a 4500</leader><controlfield tag='001'>SCSB-2300921</controlfield><controlfield tag='003'>NNC</controlfield><controlfield tag='005'>20220518215538.0</controlfield><controlfield tag='008'>840405s1980    ii af        f000 0 eng  </controlfield><controlfield tag='009'>216293</controlfield><datafield ind1=' ' ind2=' ' tag='010'><subfield code='a'>   82915035 </subfield></datafield><datafield ind1=' ' ind2=' ' tag='035'><subfield code='a'>(OCoLC)9969493</subfield></datafield><datafield ind1=' ' ind2=' ' tag='035'><subfield code='a'>(OCoLC)ocm09969493</subfield></datafield><datafield ind1=' ' ind2=' ' tag='035'><subfield code='a'>(CStRLIN)NYCG84-B21820</subfield></datafield><datafield ind1=' ' ind2=' ' tag='035'><subfield code='9'>AAY8317CU</subfield></datafield><datafield ind1=' ' ind2=' ' tag='035'><subfield code='a'>(NNC)216293</subfield></datafield><datafield ind1=' ' ind2=' ' tag='035'><subfield code='a'>216293</subfield></datafield><datafield ind1=' ' ind2=' ' tag='043'><subfield code='a'>a-ii---</subfield></datafield><datafield ind1='0' ind2='0' tag='050'><subfield code='a'>DS432.K57</subfield><subfield code='b'>S23 1980</subfield></datafield><datafield ind1='0' ind2=' ' tag='082'><subfield code='a'>306/.089914</subfield><subfield code='2'>19</subfield></datafield><datafield ind1=' ' ind2=' ' tag='090'><subfield code='a'>DS432.K57</subfield><subfield code='b'>S23 1980</subfield></datafield><datafield ind1='1' ind2=' ' tag='100'><subfield code='a'>Sah, M. L.</subfield><subfield code='0'>http://id.loc.gov/authorities/names/n82221734</subfield></datafield><datafield ind1='1' ind2='0' tag='245'><subfield code='a'>Kokna, a scheduled tribe in Dadra and Nagar Haveli /</subfield><subfield code='c'>field investigation and draft, M.L. Sah ; editing, N.G. Nag.</subfield></datafield><datafield ind1=' ' ind2=' ' tag='260'><subfield code='a'>New Delhi :</subfield><subfield code='b'>Office of the Registrar General, India ;</subfield><subfield code='a'>Delhi :</subfield><subfield code='b'>Controller of Publications,</subfield><subfield code='c'>1980.</subfield></datafield><datafield ind1=' ' ind2=' ' tag='300'><subfield code='a'>xii, 139, 16 pages of plates :</subfield><subfield code='b'>illustrations ;</subfield><subfield code='c'>21 cm.</subfield></datafield><datafield ind1=' ' ind2=' ' tag='336'><subfield code='a'>text</subfield><subfield code='2'>rdacontent</subfield></datafield><datafield ind1=' ' ind2=' ' tag='337'><subfield code='a'>unmediated</subfield><subfield code='2'>rdamedia</subfield></datafield><datafield ind1=' ' ind2=' ' tag='338'><subfield code='a'>volume</subfield><subfield code='2'>rdacarrier</subfield></datafield><datafield ind1='1' ind2=' ' tag='490'><subfield code='a'>Ethnographic study</subfield></datafield><datafield ind1=' ' ind2='0' tag='650'><subfield code='a'>Kokna (Indic people)</subfield><subfield code='0'>http://id.loc.gov/authorities/subjects/sh85072812</subfield></datafield><datafield ind1='1' ind2=' ' tag='700'><subfield code='a'>Nag, N. G.</subfield><subfield code='0'>http://id.loc.gov/authorities/names/n82221733</subfield></datafield><datafield ind1=' ' ind2='0' tag='830'><subfield code='a'>Ethnographic study.</subfield><subfield code='0'>http://id.loc.gov/authorities/names/n83742648</subfield></datafield><datafield ind1='0' ind2='0' tag='852'><subfield code='h'>DS432.K57 S23 1980</subfield><subfield code='0'>2270850</subfield><subfield code='b'>scsbcul</subfield></datafield><datafield ind1=' ' ind2=' ' tag='876'><subfield code='0'>2270850</subfield><subfield code='a'>3465686</subfield><subfield code='h'> </subfield><subfield code='j'>Available</subfield><subfield code='p'>CU57588538</subfield><subfield code='t'>1</subfield><subfield code='x'>Shared</subfield><subfield code='z'>CU</subfield><subfield code='l'>RECAP</subfield></datafield></record>