
<record><leader>00000cam a22003614a 4500</leader><controlfield tag='001'>SCSB-11056983</controlfield><controlfield tag='005'>20091221180703.0</controlfield><controlfield tag='008'>090612s2009    ii a   g b    001 0 eng d</controlfield><controlfield tag='009'>990121272430203941</controlfield><datafield ind1=' ' ind2=' ' tag='010'><subfield code='a'>^^2009346002</subfield></datafield><datafield ind1=' ' ind2=' ' tag='020'><subfield code='a'>8176466735</subfield></datafield><datafield ind1=' ' ind2=' ' tag='020'><subfield code='a'>9788176466738</subfield></datafield><datafield ind1=' ' ind2=' ' tag='035'><subfield code='a'>(OCoLC)402295447</subfield></datafield><datafield ind1=' ' ind2=' ' tag='037'><subfield code='a'>Library of Congress -- New Delhi Overseas Office</subfield><subfield code='c'>Rs1650.00</subfield></datafield><datafield ind1=' ' ind2=' ' tag='040'><subfield code='a'>DKAGE</subfield><subfield code='b'>eng</subfield><subfield code='c'>DKAGE</subfield><subfield code='d'>DLC</subfield></datafield><datafield ind1=' ' ind2=' ' tag='043'><subfield code='a'>a-ii---</subfield></datafield><datafield ind1=' ' ind2='4' tag='050'><subfield code='a'>Z845.I4</subfield><subfield code='b'>K86 2009</subfield></datafield><datafield ind1='0' ind2='4' tag='082'><subfield code='a'>027.054</subfield><subfield code='2'>22</subfield></datafield><datafield ind1='1' ind2=' ' tag='100'><subfield code='a'>Kumar, P. S. G.</subfield><subfield code='q'>(Pogula Sesha Giri),</subfield><subfield code='d'>1946-</subfield></datafield><datafield ind1='1' ind2='0' tag='245'><subfield code='a'>Library movement and library development in Gujarat, Dadra and Nagar Haveli and Daman and Diu /</subfield><subfield code='c'>P.S.G. Kumar.</subfield></datafield><datafield ind1=' ' ind2=' ' tag='260'><subfield code='a'>Delhi :</subfield><subfield code='b'>B.R. Pub. Corp.,</subfield><subfield code='c'>2009.</subfield></datafield><datafield ind1=' ' ind2=' ' tag='300'><subfield code='a'>x, 645 p. :</subfield><subfield code='b'>ill. ;</subfield><subfield code='c'>23 cm.</subfield></datafield><datafield ind1='1' ind2=' ' tag='490'><subfield code='a'>Library in India series ;</subfield><subfield code='v'>6</subfield></datafield><datafield ind1=' ' ind2=' ' tag='500'><subfield code='a'>Includes index.</subfield></datafield><datafield ind1=' ' ind2=' ' tag='504'><subfield code='a'>Includes bibliographical references.</subfield></datafield><datafield ind1='0' ind2=' ' tag='505'><subfield code='a'>pt. A. Preliminaries -- pt. B. Library movement -- pt. C. Library legislation -- pt. D. Public libraries -- pt. E. Academic libraries -- pt. F. Special libraries -- pt. G. Information centres -- pt. H. Information networks -- pt. I. Library and information science education -- pt. J. Library personnel -- pt. K. Library associations -- pt. L. Library journals -- pt. M. Miscellaneous -- pt. N. Library movement in nearby union territories -- pt. O. Chronology of events.</subfield></datafield><datafield ind1=' ' ind2='0' tag='650'><subfield code='a'>Libraries</subfield><subfield code='z'>India</subfield><subfield code='z'>Dādra and Nagar Haveli</subfield><subfield code='x'>History.</subfield></datafield><datafield ind1=' ' ind2='0' tag='650'><subfield code='a'>Libraries</subfield><subfield code='z'>India</subfield><subfield code='z'>Gujarat</subfield><subfield code='x'>History.</subfield></datafield><datafield ind1=' ' ind2='0' tag='650'><subfield code='a'>Libraries</subfield><subfield code='z'>India</subfield><subfield code='z'>Daman and Diu</subfield><subfield code='x'>History.</subfield></datafield><datafield ind1=' ' ind2='7' tag='655'><subfield code='a'>History</subfield><subfield code='2'>fast</subfield></datafield><datafield ind1='1' ind2=' ' tag='800'><subfield code='a'>Kumar, P. S. G.</subfield><subfield code='q'>(Pogula Sesha Giri),</subfield><subfield code='d'>1946-</subfield><subfield code='t'>Library in India series ;</subfield><subfield code='v'>6.</subfield></datafield><datafield ind1='1' ind2=' ' tag='583'><subfield code='a'>committed to retain</subfield><subfield code='c'>20181001</subfield><subfield code='d'>in perpetuity</subfield><subfield code='f'>ReCAP Shared Collection</subfield><subfield code='5'>HUL</subfield><subfield code='8'>222136379330003941</subfield></datafield><datafield ind1='0' ind2=' ' tag='852'><subfield code='c'>HD</subfield><subfield code='h'>Z845.I4</subfield><subfield code='i'>K86 2009</subfield><subfield code='0'>11854490</subfield><subfield code='b'>scsbhl</subfield></datafield><datafield ind1=' ' ind2=' ' tag='876'><subfield code='0'>11854490</subfield><subfield code='a'>17609579</subfield><subfield code='h'> </subfield><subfield code='j'>Available</subfield><subfield code='k'>WID</subfield><subfield code='p'>32044111246237</subfield><subfield code='x'>Shared</subfield><subfield code='z'>HW</subfield><subfield code='l'>HD</subfield></datafield></record>