
<record><leader>01058cam a2200265I  4500</leader><controlfield tag='001'>SCSB-10246681</controlfield><controlfield tag='005'>20230428123143.0</controlfield><controlfield tag='008'>840718s1959    ii            000 0 eng d</controlfield><controlfield tag='009'>990065230390203941</controlfield><datafield ind1=' ' ind2=' ' tag='035'><subfield code='a'>(OCoLC)10963984</subfield><subfield code='z'>(OCoLC)492989735</subfield><subfield code='z'>(OCoLC)1001111578</subfield></datafield><datafield ind1=' ' ind2=' ' tag='040'><subfield code='a'>BOL</subfield><subfield code='c'>BOL</subfield><subfield code='d'>OCL</subfield><subfield code='d'>HVL</subfield></datafield><datafield ind1=' ' ind2='4' tag='050'><subfield code='a'>KJ327</subfield><subfield code='b'>.C43</subfield></datafield><datafield ind1=' ' ind2=' ' tag='090'><subfield code='a'>KJ327</subfield><subfield code='b'>.C43</subfield></datafield><datafield ind1='1' ind2=' ' tag='100'><subfield code='a'>Chacko, Chirakaikaran Joseph,</subfield><subfield code='d'>1899-</subfield></datafield><datafield ind1='1' ind2='4' tag='245'><subfield code='a'>The World Court&apos;s judgment on Dadra and Nagar Aveli case,</subfield><subfield code='c'>comments by C.J. Chacko.</subfield></datafield><datafield ind1=' ' ind2=' ' tag='260'><subfield code='a'>New Delhi :</subfield><subfield code='b'>Indian Society of International Law,</subfield><subfield code='c'>[1959?]</subfield></datafield><datafield ind1=' ' ind2=' ' tag='300'><subfield code='a'>10 p.</subfield></datafield><datafield ind1=' ' ind2='0' tag='651'><subfield code='a'>Dādra and Nagar Haveli (India)</subfield></datafield><datafield ind1='2' ind2='7' tag='610'><subfield code='a'>International Court of Justice</subfield><subfield code='2'>fast</subfield><subfield code='0'>(OCoLC)fst00537128</subfield></datafield><datafield ind1=' ' ind2='7' tag='655'><subfield code='a'>Trials, litigation, etc.</subfield><subfield code='2'>fast</subfield><subfield code='0'>(OCoLC)fst01423712</subfield></datafield><datafield ind1='0' ind2='8' tag='776'><subfield code='i'>Online version:</subfield><subfield code='a'>Chacko, Chirakaikaran Joseph, 1899-</subfield><subfield code='t'>World Court&apos;s judgment on Dadra and Nagar Aveli case.</subfield><subfield code='d'>New Delhi : Indian Society of International Law, [1959?]</subfield><subfield code='w'>(OCoLC)551680674</subfield></datafield><datafield ind1='1' ind2=' ' tag='583'><subfield code='a'>committed to retain</subfield><subfield code='c'>20181001</subfield><subfield code='d'>in perpetuity</subfield><subfield code='f'>ReCAP Shared Collection</subfield><subfield code='5'>HUL</subfield><subfield code='8'>221979069890003941</subfield></datafield><datafield ind1='8' ind2=' ' tag='852'><subfield code='c'>HD</subfield><subfield code='h'>143a 12050.7</subfield><subfield code='0'>11009446</subfield><subfield code='b'>scsbhl</subfield></datafield><datafield ind1=' ' ind2=' ' tag='876'><subfield code='0'>11009446</subfield><subfield code='a'>16723892</subfield><subfield code='h'> </subfield><subfield code='j'>Available</subfield><subfield code='k'>LAW</subfield><subfield code='p'>32044059210294</subfield><subfield code='x'>Shared</subfield><subfield code='z'>HL</subfield><subfield code='l'>HD</subfield></datafield></record>