
<record><leader>01402cam a22003371a 4500</leader><controlfield tag='001'>SCSB-3829401</controlfield><controlfield tag='003'>NNC</controlfield><controlfield tag='005'>20221012183319.0</controlfield><controlfield tag='008'>850821m19729999ii ak        f000 0 eng d</controlfield><controlfield tag='009'>2512085</controlfield><datafield ind1=' ' ind2=' ' tag='035'><subfield code='a'>(OCoLC)12405862</subfield></datafield><datafield ind1=' ' ind2=' ' tag='035'><subfield code='a'>(OCoLC)ocm12405862</subfield></datafield><datafield ind1=' ' ind2=' ' tag='035'><subfield code='9'>AQG4925CU</subfield></datafield><datafield ind1=' ' ind2=' ' tag='035'><subfield code='a'>(NNC)2512085</subfield></datafield><datafield ind1=' ' ind2=' ' tag='035'><subfield code='a'>2512085</subfield></datafield><datafield ind1=' ' ind2=' ' tag='040'><subfield code='d'>UPvMLC</subfield></datafield><datafield ind1=' ' ind2=' ' tag='043'><subfield code='a'>a-ii---</subfield></datafield><datafield ind1=' ' ind2=' ' tag='090'><subfield code='a'>HA1728.D26</subfield><subfield code='b'>I53 1975</subfield></datafield><datafield ind1='0' ind2='0' tag='245'><subfield code='a'>Census of India, 1971.</subfield><subfield code='n'>Series 26,</subfield><subfield code='p'>Dadra &amp; Nagar Haveli /</subfield><subfield code='c'>S.K. Gandhe (Director of Census Operations Goa, Daman &amp; Diu and Dadra &amp; Nagar Haveli).</subfield></datafield><datafield ind1=' ' ind2=' ' tag='260'><subfield code='a'>Delhi : published by the Controller of Publications,</subfield><subfield code='c'>1972-</subfield></datafield><datafield ind1=' ' ind2=' ' tag='300'><subfield code='a'>volumes in :</subfield><subfield code='b'>map, forms ;</subfield><subfield code='c'>28 cm</subfield></datafield><datafield ind1=' ' ind2=' ' tag='336'><subfield code='a'>text</subfield><subfield code='b'>txt</subfield><subfield code='2'>rdacontent</subfield></datafield><datafield ind1=' ' ind2=' ' tag='337'><subfield code='a'>unmediated</subfield><subfield code='b'>n</subfield><subfield code='2'>rdamedia</subfield></datafield><datafield ind1='1' ind2=' ' tag='505'><subfield code='a'>pt. 1A &amp; B. General report -- pt. 3 &amp; 4. Establishments report and tables. Housing report and tables.</subfield></datafield><datafield ind1=' ' ind2=' ' tag='500'><subfield code='a'>On t.p.: S.K. Gandhe, Director of Census Operations, Goa, Daman &amp; Diu and Dadra &amp; Nagar Haveli.</subfield></datafield><datafield ind1=' ' ind2='0' tag='651'><subfield code='a'>Dādra and Nagar Haveli (India)</subfield><subfield code='v'>Census, 1971.</subfield></datafield><datafield ind1=' ' ind2='0' tag='651'><subfield code='a'>Dādra and Nagar Haveli (India)</subfield><subfield code='x'>Population</subfield><subfield code='v'>Statistics.</subfield></datafield><datafield ind1=' ' ind2='0' tag='651'><subfield code='a'>India</subfield><subfield code='v'>Census, 1971.</subfield></datafield><datafield ind1='1' ind2=' ' tag='700'><subfield code='a'>Gandhe, S. K.</subfield><subfield code='0'>http://id.loc.gov/authorities/names/n50015415</subfield></datafield><datafield ind1='1' ind2=' ' tag='710'><subfield code='a'>India.</subfield><subfield code='b'>Director of Census Operations, Dadra and Nagar Haveli.</subfield><subfield code='0'>http://id.loc.gov/authorities/names/n82123474</subfield></datafield><datafield ind1='0' ind2='1' tag='852'><subfield code='h'>HA1728.D26 I53 1975</subfield><subfield code='0'>3840667</subfield><subfield code='b'>scsbcul</subfield></datafield><datafield ind1='0' ind2='0' tag='866'><subfield code='a'>v.1-4</subfield><subfield code='0'>3840667</subfield></datafield><datafield ind1=' ' ind2=' ' tag='876'><subfield code='0'>3840667</subfield><subfield code='3'>v.1A-1B</subfield><subfield code='a'>5643902</subfield><subfield code='h'> </subfield><subfield code='j'>Available</subfield><subfield code='p'>CU17885566</subfield><subfield code='t'>1</subfield><subfield code='x'>Shared</subfield><subfield code='z'>CU</subfield><subfield code='l'>RECAP</subfield></datafield><datafield ind1=' ' ind2=' ' tag='876'><subfield code='0'>3840667</subfield><subfield code='3'>v.2A-2D</subfield><subfield code='a'>5643903</subfield><subfield code='h'> </subfield><subfield code='j'>Available</subfield><subfield code='p'>CU17885574</subfield><subfield code='t'>1</subfield><subfield code='x'>Shared</subfield><subfield code='z'>CU</subfield><subfield code='l'>RECAP</subfield></datafield><datafield ind1=' ' ind2=' ' tag='876'><subfield code='0'>3840667</subfield><subfield code='3'>v.3-4</subfield><subfield code='a'>5643904</subfield><subfield code='h'> </subfield><subfield code='j'>Available</subfield><subfield code='p'>CU17885582</subfield><subfield code='t'>1</subfield><subfield code='x'>Shared</subfield><subfield code='z'>CU</subfield><subfield code='l'>RECAP</subfield></datafield></record>