
<record><leader>00766nam a2200229u  4500</leader><controlfield tag='001'>SCSB-7380350</controlfield><controlfield tag='003'>OCoLC</controlfield><controlfield tag='005'>20000629192227.0</controlfield><controlfield tag='008'>980403s1889    fr a          000 0 fre d</controlfield><controlfield tag='009'>.b136145449</controlfield><datafield ind1=' ' ind2=' ' tag='040'><subfield code='a'>NYP</subfield><subfield code='c'>NYP</subfield><subfield code='d'>WaOLN</subfield></datafield><datafield ind1=' ' ind2=' ' tag='049'><subfield code='a'>NYPG</subfield></datafield><datafield ind1='1' ind2=' ' tag='100'><subfield code='a'>Gérard, Joseph,</subfield><subfield code='d'>1834-1898.</subfield></datafield><datafield ind1='1' ind2='3' tag='245'><subfield code='a'>La grande névrose ...</subfield><subfield code='c'>illustré par José Roy.</subfield></datafield><datafield ind1=' ' ind2=' ' tag='250'><subfield code='a'>Éd. definitive ...</subfield></datafield><datafield ind1=' ' ind2=' ' tag='260'><subfield code='a'>Paris,</subfield><subfield code='b'>E. Flammarion</subfield><subfield code='c'>[pref. 1889]</subfield></datafield><datafield ind1=' ' ind2=' ' tag='300'><subfield code='a'>iv, 368 p.</subfield><subfield code='b'>illus.</subfield><subfield code='c'>19 cm.</subfield></datafield><datafield ind1=' ' ind2='0' tag='650'><subfield code='a'>Nervous system</subfield><subfield code='x'>Diseases.</subfield></datafield><datafield ind1=' ' ind2=' ' tag='907'><subfield code='a'>.b136145449</subfield><subfield code='c'>m</subfield><subfield code='d'>a</subfield><subfield code='e'>-</subfield><subfield code='f'>fre</subfield><subfield code='g'>fr</subfield><subfield code='h'>3</subfield><subfield code='i'>1</subfield></datafield><datafield ind1=' ' ind2=' ' tag='035'><subfield code='a'>(OCoLC)38895690</subfield></datafield><datafield ind1='8' ind2=' ' tag='852'><subfield code='h'>WPE (Gérard, J. Grande névrose)</subfield><subfield code='0'>7478369</subfield><subfield code='b'>scsbnypl</subfield></datafield><datafield ind1=' ' ind2=' ' tag='876'><subfield code='0'>7478369</subfield><subfield code='a'>12228606</subfield><subfield code='h'>In Library Use</subfield><subfield code='j'>Available</subfield><subfield code='p'>33433010849762</subfield><subfield code='t'>1</subfield><subfield code='x'>Shared</subfield><subfield code='z'>NA</subfield><subfield code='l'>RECAP</subfield></datafield></record>