
<record><leader>00000nam a2200217 a 4500</leader><controlfield tag='001'>SCSB-10782435</controlfield><controlfield tag='005'>20090702151311.0</controlfield><controlfield tag='008'>090428s2004    fr a          000 0 fre d</controlfield><controlfield tag='009'>990101381660203941</controlfield><datafield ind1=' ' ind2=' ' tag='020'><subfield code='a'>9782845752030</subfield></datafield><datafield ind1=' ' ind2=' ' tag='020'><subfield code='a'>2845752032</subfield></datafield><datafield ind1=' ' ind2=' ' tag='035'><subfield code='a'>(OCoLC)426915992</subfield></datafield><datafield ind1=' ' ind2=' ' tag='040'><subfield code='a'>CtWfDGI</subfield><subfield code='b'>eng</subfield><subfield code='c'>CtWfDGI</subfield></datafield><datafield ind1=' ' ind2='4' tag='050'><subfield code='a'>SK35</subfield><subfield code='b'>.G73 2004</subfield></datafield><datafield ind1=' ' ind2=' ' tag='090'><subfield code='a'>SK35</subfield><subfield code='b'>.G73 2004</subfield></datafield><datafield ind1='0' ind2='3' tag='245'><subfield code='a'>Le grand album de &quot;la Chasse illustré&quot; :</subfield><subfield code='b'>journal des chasseurs et la vie à la campagne /</subfield><subfield code='c'>préface d&apos;Éric Joly.</subfield></datafield><datafield ind1=' ' ind2=' ' tag='260'><subfield code='a'>[Paris] :</subfield><subfield code='b'>Claude Tchou pour la Bibliothèque des Introuvables,</subfield><subfield code='c'>2004.</subfield></datafield><datafield ind1=' ' ind2=' ' tag='300'><subfield code='a'>196 p. :</subfield><subfield code='b'>ill. ;</subfield><subfield code='c'>35 cm.</subfield></datafield><datafield ind1='0' ind2='0' tag='630'><subfield code='a'>Chasse illustré.</subfield></datafield><datafield ind1=' ' ind2='0' tag='650'><subfield code='a'>Hunting</subfield><subfield code='v'>Pictorial works.</subfield></datafield><datafield ind1=' ' ind2='0' tag='650'><subfield code='a'>Hunting in art</subfield><subfield code='v'>Pictorial works.</subfield></datafield><datafield ind1=' ' ind2='7' tag='655'><subfield code='a'>Illustrated works</subfield><subfield code='2'>fast</subfield></datafield><datafield ind1='1' ind2=' ' tag='700'><subfield code='a'>Tchou, Claude.</subfield></datafield><datafield ind1='1' ind2=' ' tag='700'><subfield code='a'>Joly, Eric.</subfield></datafield><datafield ind1='0' ind2=' ' tag='730'><subfield code='a'>Chasse illustré.</subfield></datafield><datafield ind1='1' ind2=' ' tag='583'><subfield code='a'>committed to retain</subfield><subfield code='c'>20181001</subfield><subfield code='d'>in perpetuity</subfield><subfield code='f'>ReCAP Shared Collection</subfield><subfield code='5'>HUL</subfield><subfield code='8'>222106104930003941</subfield></datafield><datafield ind1='0' ind2=' ' tag='852'><subfield code='c'>HD</subfield><subfield code='h'>SK35</subfield><subfield code='i'>.G73 2004</subfield><subfield code='m'>F</subfield><subfield code='0'>11571859</subfield><subfield code='b'>scsbhl</subfield></datafield><datafield ind1=' ' ind2=' ' tag='876'><subfield code='0'>11571859</subfield><subfield code='a'>17315591</subfield><subfield code='h'> </subfield><subfield code='j'>Available</subfield><subfield code='k'>WID</subfield><subfield code='p'>32044111472742</subfield><subfield code='x'>Shared</subfield><subfield code='z'>HW</subfield><subfield code='l'>HD</subfield></datafield></record>