
<record><leader>01727cam a2200409 a 4500</leader><controlfield tag='001'>SCSB-9985513</controlfield><controlfield tag='005'>20200327174834.0</controlfield><controlfield tag='008'>001208s1999    sz a     bc   001 0 fre  </controlfield><controlfield tag='009'>990086090300203941</controlfield><datafield ind1=' ' ind2=' ' tag='010'><subfield code='a'>^^2002390393</subfield></datafield><datafield ind1=' ' ind2=' ' tag='020'><subfield code='a'>2882250142 (pbk.)</subfield></datafield><datafield ind1=' ' ind2=' ' tag='035'><subfield code='a'>(MH)008609030HVD01-Aleph</subfield></datafield><datafield ind1=' ' ind2=' ' tag='035'><subfield code='a'>(OCoLC)49859895</subfield></datafield><datafield ind1=' ' ind2=' ' tag='040'><subfield code='a'>DLC</subfield><subfield code='c'>DLC</subfield></datafield><datafield ind1='0' ind2='0' tag='050'><subfield code='a'>Z5335</subfield><subfield code='b'>.B53 1999</subfield><subfield code='a'>QL673</subfield></datafield><datafield ind1='2' ind2=' ' tag='110'><subfield code='a'>Bibliothèque publique de Neuchâtel.</subfield></datafield><datafield ind1='1' ind2='0' tag='245'><subfield code='a'>Grands livres d&apos;oiseaux illustres de la Renaissance au XIXe siecle /</subfield><subfield code='c'>exposition réalisée par Dominique de Montmollin et Michel Schlup ; catalogue établi par Michel Schlup avec la collaboration de Jean-Paul Haenni, Dominique de Montmollin et Michael Schmidt.</subfield></datafield><datafield ind1=' ' ind2=' ' tag='260'><subfield code='a'>Neuchatel :</subfield><subfield code='b'>Bibliotheque publique et universitaire,</subfield><subfield code='c'>1999.</subfield></datafield><datafield ind1=' ' ind2=' ' tag='300'><subfield code='a'>145 p. :</subfield><subfield code='b'>ill. (some col.) ;</subfield><subfield code='c'>26 cm.</subfield></datafield><datafield ind1='1' ind2=' ' tag='490'><subfield code='a'>Patrimoine de la Bibliotheque publique et universitaire ;</subfield><subfield code='v'>2</subfield></datafield><datafield ind1=' ' ind2=' ' tag='500'><subfield code='a'>Exhibition held October 27, 1999-January 31, 2000.</subfield></datafield><datafield ind1=' ' ind2=' ' tag='500'><subfield code='a'>Includes index.</subfield></datafield><datafield ind1=' ' ind2='0' tag='650'><subfield code='a'>Birds</subfield><subfield code='v'>Bibliography</subfield><subfield code='v'>Exhibitions.</subfield></datafield><datafield ind1=' ' ind2='0' tag='650'><subfield code='a'>Birds</subfield><subfield code='v'>Pictorial works</subfield><subfield code='v'>Exhibitions.</subfield></datafield><datafield ind1='2' ind2='0' tag='610'><subfield code='a'>Bibliothèque publique de Neuchâtel</subfield><subfield code='v'>Exhibitions.</subfield></datafield><datafield ind1=' ' ind2='7' tag='655'><subfield code='a'>Bibliographies</subfield><subfield code='v'>Exhibition catalogs</subfield><subfield code='2'>fast</subfield></datafield><datafield ind1=' ' ind2='7' tag='655'><subfield code='a'>Exhibition catalogs</subfield><subfield code='2'>fast</subfield></datafield><datafield ind1=' ' ind2='7' tag='655'><subfield code='a'>Exhibition, pictorial works</subfield><subfield code='2'>fast</subfield></datafield><datafield ind1='1' ind2=' ' tag='700'><subfield code='a'>Montmollin, Dominique de.</subfield></datafield><datafield ind1='1' ind2=' ' tag='700'><subfield code='a'>Schlup, Michel.</subfield></datafield><datafield ind1='1' ind2=' ' tag='700'><subfield code='a'>Haenni, Jean-Paul.</subfield></datafield><datafield ind1='1' ind2=' ' tag='700'><subfield code='a'>Schmidt, Michael,</subfield><subfield code='d'>1950-</subfield></datafield><datafield ind1='2' ind2=' ' tag='710'><subfield code='a'>Bibliothèque publique de Neuchâtel.</subfield></datafield><datafield ind1='2' ind2=' ' tag='810'><subfield code='a'>Bibliothèque publique de Neuchâtel.</subfield><subfield code='t'>Patrimoine de la Bibliothèque publique et universitaire ;</subfield><subfield code='v'>2.</subfield></datafield><datafield ind1='1' ind2=' ' tag='583'><subfield code='a'>committed to retain</subfield><subfield code='c'>20181001</subfield><subfield code='d'>in perpetuity</subfield><subfield code='f'>ReCAP Shared Collection</subfield><subfield code='5'>HUL</subfield><subfield code='8'>222058064630003941</subfield></datafield><datafield ind1='8' ind2=' ' tag='852'><subfield code='c'>HD</subfield><subfield code='0'>10728967</subfield><subfield code='b'>scsbhl</subfield></datafield><datafield ind1=' ' ind2=' ' tag='876'><subfield code='0'>10728967</subfield><subfield code='a'>16422307</subfield><subfield code='h'> </subfield><subfield code='j'>Available</subfield><subfield code='k'>FAL</subfield><subfield code='p'>FL3PD2</subfield><subfield code='x'>Shared</subfield><subfield code='z'>FL</subfield><subfield code='l'>HD</subfield></datafield></record>