
<record><leader>00516nam a2200169u  4500</leader><controlfield tag='001'>SCSB-13100443</controlfield><controlfield tag='005'>20090712132656.0</controlfield><controlfield tag='008'>960315s1890    fr            000 0 fre d</controlfield><controlfield tag='009'>990026214330203941</controlfield><datafield ind1=' ' ind2=' ' tag='035'><subfield code='a'>(OCoLC)78720697</subfield></datafield><datafield ind1=' ' ind2=' ' tag='040'><subfield code='a'>HLS</subfield><subfield code='c'>HLS</subfield></datafield><datafield ind1='1' ind2=' ' tag='100'><subfield code='a'>Sauvage, H. É.</subfield><subfield code='q'>(Henri Émile),</subfield><subfield code='d'>1842-1917</subfield></datafield><datafield ind1='1' ind2='3' tag='245'><subfield code='a'>La grande pêche.</subfield><subfield code='b'>Les poissons.</subfield><subfield code='c'>Ouvrage illustré de 67 gravures.</subfield></datafield><datafield ind1=' ' ind2=' ' tag='260'><subfield code='a'>Tours,</subfield><subfield code='b'>A.Cattier,</subfield><subfield code='c'>1890.</subfield></datafield><datafield ind1=' ' ind2=' ' tag='300'><subfield code='a'>2 p.l.,314 p.,l l.</subfield><subfield code='c'>19 cm.</subfield></datafield><datafield ind1=' ' ind2='9' tag='690'><subfield code='a'>Fisheries.</subfield><subfield code='5'>wid</subfield></datafield><datafield ind1='1' ind2=' ' tag='583'><subfield code='a'>committed to retain</subfield><subfield code='c'>20181001</subfield><subfield code='d'>in perpetuity</subfield><subfield code='f'>ReCAP Shared Collection</subfield><subfield code='5'>HUL</subfield><subfield code='8'>222290652290003941</subfield></datafield><datafield ind1='7' ind2=' ' tag='852'><subfield code='2'>ZHCL</subfield><subfield code='c'>RD</subfield><subfield code='h'> F 6128.83.25 </subfield><subfield code='8'>222290652290003941</subfield><subfield code='0'>13961882</subfield><subfield code='b'>scsbhl</subfield></datafield><datafield ind1=' ' ind2=' ' tag='876'><subfield code='0'>13961882</subfield><subfield code='a'>20018787</subfield><subfield code='j'>Available</subfield><subfield code='k'>WID</subfield><subfield code='p'>HWG1SW</subfield><subfield code='x'>Shared</subfield><subfield code='z'>HV</subfield><subfield code='l'>RECAP</subfield></datafield></record>