
<record><leader>01113nam a2200277Ii 4500</leader><controlfield tag='001'>SCSB-6375837</controlfield><controlfield tag='003'>OCoLC</controlfield><controlfield tag='005'>20000629142604.3</controlfield><controlfield tag='007'>hd afb---baca</controlfield><controlfield tag='008'>930913s1947    fr a    ac    100 0 fre d</controlfield><controlfield tag='009'>.b146876945</controlfield><datafield ind1=' ' ind2=' ' tag='010'><subfield code='a'>nuc87673801</subfield></datafield><datafield ind1=' ' ind2=' ' tag='040'><subfield code='a'>NN</subfield><subfield code='c'>RQM</subfield><subfield code='d'>NYP</subfield><subfield code='d'>WaOLN</subfield></datafield><datafield ind1=' ' ind2=' ' tag='049'><subfield code='a'>NYPF</subfield></datafield><datafield ind1='2' ind2=' ' tag='110'><subfield code='a'>Grande Galerie du Louvre.</subfield><subfield code='b'>Exposition</subfield><subfield code='d'>(1947 :</subfield><subfield code='c'>Paris)</subfield></datafield><datafield ind1='1' ind2='0' tag='245'><subfield code='a'>Vingt peintures et dessins illustrant l&apos;histoire de la grande galerie du Louvre</subfield><subfield code='h'>[microform] :</subfield><subfield code='b'>Catalogue, Musée du Louvre, 1947.</subfield></datafield><datafield ind1=' ' ind2=' ' tag='260'><subfield code='a'>Paris :</subfield><subfield code='b'>Musée du Louvre,</subfield><subfield code='c'>1947.</subfield></datafield><datafield ind1=' ' ind2=' ' tag='300'><subfield code='a'>15 p. :</subfield><subfield code='b'>couv. ill. ;</subfield><subfield code='c'>21 cm.</subfield></datafield><datafield ind1=' ' ind2=' ' tag='500'><subfield code='a'>Master microform held by: NN.</subfield></datafield><datafield ind1=' ' ind2=' ' tag='533'><subfield code='a'>Microfilm.</subfield><subfield code='b'>New York :</subfield><subfield code='c'>New York Public Library,</subfield><subfield code='d'>1954.</subfield><subfield code='e'>1 microfilm reel ; 35 mm.</subfield><subfield code='n'>(MN *ZZ-1696)</subfield></datafield><datafield ind1=' ' ind2=' ' tag='907'><subfield code='a'>.b146876945</subfield><subfield code='c'>m</subfield><subfield code='d'>h</subfield><subfield code='e'>-</subfield><subfield code='f'>fre</subfield><subfield code='g'>fr</subfield><subfield code='h'>0</subfield><subfield code='i'>2</subfield></datafield><datafield ind1=' ' ind2=' ' tag='035'><subfield code='a'>(OCoLC)28816894</subfield></datafield><datafield ind1='8' ind2=' ' tag='852'><subfield code='h'>*Z-880</subfield><subfield code='0'>6437291</subfield><subfield code='b'>scsbnypl</subfield></datafield><datafield ind1=' ' ind2=' ' tag='866'><subfield code='a'>10 titles</subfield><subfield code='0'>6437291</subfield></datafield><datafield ind1=' ' ind2=' ' tag='876'><subfield code='0'>6437291</subfield><subfield code='3'>10 titles</subfield><subfield code='a'>10406043</subfield><subfield code='h'>In Library Use</subfield><subfield code='j'>Available</subfield><subfield code='p'>33433107674461</subfield><subfield code='t'>1</subfield><subfield code='x'>Shared</subfield><subfield code='z'>NA</subfield><subfield code='l'>RECAP</subfield></datafield></record>