
<record><leader>01319cam a2200337Ia 4500</leader><controlfield tag='001'>SCSB-6488163</controlfield><controlfield tag='003'>OCoLC</controlfield><controlfield tag='005'>20100225142416.0</controlfield><controlfield tag='008'>080805s2008    fr ab  g      000 0bfre d</controlfield><controlfield tag='009'>.b179987008</controlfield><datafield ind1=' ' ind2=' ' tag='020'><subfield code='a'>9782952302739 (pbk.)</subfield></datafield><datafield ind1=' ' ind2=' ' tag='020'><subfield code='a'>2952302731 (pbk.)</subfield></datafield><datafield ind1=' ' ind2=' ' tag='040'><subfield code='a'>AUXAM</subfield><subfield code='c'>AUXAM</subfield><subfield code='d'>TZT</subfield><subfield code='d'>COD</subfield><subfield code='d'>NYP</subfield></datafield><datafield ind1=' ' ind2=' ' tag='043'><subfield code='a'>e-fr---</subfield></datafield><datafield ind1=' ' ind2=' ' tag='049'><subfield code='a'>NYPP</subfield></datafield><datafield ind1='1' ind2='4' tag='082'><subfield code='a'>900</subfield><subfield code='2'>1</subfield></datafield><datafield ind1=' ' ind2=' ' tag='090'><subfield code='a'>D548</subfield><subfield code='b'>B454 2008</subfield></datafield><datafield ind1='1' ind2=' ' tag='100'><subfield code='a'>Bélanger, Adrien.</subfield></datafield><datafield ind1='1' ind2='3' tag='245'><subfield code='a'>La Grande guerre :</subfield><subfield code='b'>chronologie, plans, cartes, illustrations, annotations sur l&apos;armée, la troupe, les batailles, le matériel, les armes, etc. enparallèle de la transcription des extraordinaires journaux de guerre d&apos;Adrien Amalric /</subfield><subfield code='c'>Adrien Bélanger.</subfield></datafield><datafield ind1=' ' ind2=' ' tag='260'><subfield code='a'>Domérat, France :</subfield><subfield code='b'>A. Bélanger,</subfield><subfield code='c'>c2008.</subfield></datafield><datafield ind1=' ' ind2=' ' tag='300'><subfield code='a'>549 p. :</subfield><subfield code='b'>ill., maps ;</subfield><subfield code='c'>30 cm.</subfield></datafield><datafield ind1='1' ind2='0' tag='600'><subfield code='a'>Amalric, Adrien,</subfield><subfield code='d'>1892-1917.</subfield></datafield><datafield ind1=' ' ind2='0' tag='650'><subfield code='a'>Soldiers</subfield><subfield code='z'>France</subfield><subfield code='v'>Biography.</subfield></datafield><datafield ind1=' ' ind2='0' tag='650'><subfield code='a'>Soldiers</subfield><subfield code='z'>France</subfield><subfield code='v'>Diaries.</subfield></datafield><datafield ind1=' ' ind2='0' tag='650'><subfield code='a'>World War, 1914-1918</subfield><subfield code='v'>Personal narratives, French.</subfield></datafield><datafield ind1=' ' ind2='0' tag='650'><subfield code='a'>World War, 1914-1918</subfield><subfield code='x'>Campaigns</subfield><subfield code='z'>France.</subfield></datafield><datafield ind1='1' ind2=' ' tag='700'><subfield code='a'>Amalric, Adrien,</subfield><subfield code='d'>1892-1917.</subfield></datafield><datafield ind1=' ' ind2=' ' tag='907'><subfield code='a'>.b179987008</subfield><subfield code='c'>m</subfield><subfield code='d'>a</subfield><subfield code='e'>-</subfield><subfield code='f'>fre</subfield><subfield code='g'>fr</subfield><subfield code='h'>3</subfield><subfield code='i'>1</subfield></datafield><datafield ind1=' ' ind2=' ' tag='035'><subfield code='a'>(OCoLC)251904004</subfield></datafield><datafield ind1='8' ind2=' ' tag='852'><subfield code='h'>ReCAP 10-4501</subfield><subfield code='0'>6561173</subfield><subfield code='b'>scsbnypl</subfield></datafield><datafield ind1=' ' ind2=' ' tag='876'><subfield code='0'>6561173</subfield><subfield code='a'>10565822</subfield><subfield code='j'>Available</subfield><subfield code='p'>33433087078147</subfield><subfield code='t'>1</subfield><subfield code='x'>Shared</subfield><subfield code='z'>NA</subfield><subfield code='l'>RECAP</subfield></datafield></record>