
<record><leader>01237nam a22002774a 4500</leader><controlfield tag='001'>SCSB-10769277</controlfield><controlfield tag='005'>20020606104010.5</controlfield><controlfield tag='008'>991116s1998    ru       b    100|0 ruso </controlfield><controlfield tag='009'>990082380070203941</controlfield><datafield ind1=' ' ind2=' ' tag='010'><subfield code='a'>^^^99227605^</subfield></datafield><datafield ind1=' ' ind2=' ' tag='020'><subfield code='a'>588584089X</subfield></datafield><datafield ind1=' ' ind2=' ' tag='035'><subfield code='a'>(OCoLC)47225383</subfield><subfield code='z'>(OCoLC)1467237465</subfield></datafield><datafield ind1=' ' ind2=' ' tag='040'><subfield code='a'>DLC</subfield><subfield code='c'>DLC</subfield></datafield><datafield ind1=' ' ind2=' ' tag='042'><subfield code='a'>pcc</subfield></datafield><datafield ind1='0' ind2='0' tag='050'><subfield code='a'>BD450</subfield><subfield code='b'>.R625 1998</subfield></datafield><datafield ind1='2' ind2=' ' tag='111'><subfield code='a'>Rossiĭskai︠a︡ nauchnai︠a︡ konferent︠s︡ii︠a︡ &quot;Chelovek: sot︠s︡iokulʹturnye praktiki, modeli i i︠a︡zyki opisanii︠a︡&quot;</subfield><subfield code='d'>(1998 :</subfield><subfield code='c'>Syktyvkar, Russia)</subfield></datafield><datafield ind1='1' ind2='0' tag='245'><subfield code='a'>Chelovek :</subfield><subfield code='b'>mnogomernostʹ diskursivnykh praktik : materialy Rossiĭskoĭ nauchnoĭ konferent︠s︡ii &quot;Chelovek: sot︠s︡iokulʹturnye praktiki, modeli i i︠a︡zyki opisanii︠a︡&quot; : Syktyvkar, 8-9 dekabri︠a︡ 1998 g. /</subfield><subfield code='c'>[redakt︠s︡ionnai︠a︡ kollegii︠a︡, B.M. Zavʹi︠a︡lov (otvetstvennyĭ redaktor) ... et al., S.Ė. Pokrovskiĭ (otvetstvennyĭ za vypusk].</subfield></datafield><datafield ind1=' ' ind2=' ' tag='260'><subfield code='a'>Syktyvkar :</subfield><subfield code='b'>Syktyvkarskiĭ gos. universitet,</subfield><subfield code='c'>1998.</subfield></datafield><datafield ind1=' ' ind2=' ' tag='300'><subfield code='a'>191 p. ;</subfield><subfield code='c'>21 cm.</subfield></datafield><datafield ind1=' ' ind2=' ' tag='504'><subfield code='a'>Includes bibliographical references.</subfield></datafield><datafield ind1=' ' ind2='0' tag='650'><subfield code='a'>Philosophical anthropology</subfield><subfield code='v'>Congresses.</subfield></datafield><datafield ind1=' ' ind2='0' tag='650'><subfield code='a'>Human beings</subfield><subfield code='v'>Congresses</subfield></datafield><datafield ind1=' ' ind2='7' tag='655'><subfield code='a'>Conference papers and proceedings</subfield><subfield code='2'>fast</subfield><subfield code='0'>(OCoLC)fst01423772</subfield></datafield><datafield ind1='1' ind2=' ' tag='700'><subfield code='a'>Zavʹi︠a︡lov, B. M.</subfield></datafield><datafield ind1='2' ind2=' ' tag='710'><subfield code='a'>Syktyvkarskiĭ gosudarstvennyĭ universitet</subfield></datafield><datafield ind1='1' ind2=' ' tag='583'><subfield code='a'>committed to retain</subfield><subfield code='c'>20181001</subfield><subfield code='d'>in perpetuity</subfield><subfield code='f'>ReCAP Shared Collection</subfield><subfield code='5'>HUL</subfield><subfield code='8'>222043021010003941</subfield></datafield><datafield ind1='0' ind2=' ' tag='852'><subfield code='c'>HD</subfield><subfield code='h'>BD450</subfield><subfield code='i'>.R625 1998</subfield><subfield code='0'>11558376</subfield><subfield code='b'>scsbhl</subfield></datafield><datafield ind1=' ' ind2=' ' tag='876'><subfield code='0'>11558376</subfield><subfield code='a'>17301697</subfield><subfield code='h'> </subfield><subfield code='j'>Available</subfield><subfield code='k'>WID</subfield><subfield code='p'>HXEHH9</subfield><subfield code='x'>Shared</subfield><subfield code='z'>HW</subfield><subfield code='l'>HD</subfield></datafield></record>