
<record><leader>01540cam a2200409   4500</leader><controlfield tag='001'>SCSB-2902028</controlfield><controlfield tag='003'>NNC</controlfield><controlfield tag='005'>20220601194832.0</controlfield><controlfield tag='008'>910911s1967    ru       b    000 0 rusx </controlfield><controlfield tag='009'>1030455</controlfield><datafield ind1=' ' ind2=' ' tag='010'><subfield code='a'>   77241054 </subfield></datafield><datafield ind1=' ' ind2=' ' tag='035'><subfield code='a'>(OCoLC)41800346</subfield></datafield><datafield ind1=' ' ind2=' ' tag='035'><subfield code='a'>(OCoLC)ocm41800346</subfield></datafield><datafield ind1=' ' ind2=' ' tag='035'><subfield code='a'>(CStRLIN)NYCG91-B80265</subfield></datafield><datafield ind1=' ' ind2=' ' tag='035'><subfield code='9'>AFR7496CU</subfield></datafield><datafield ind1=' ' ind2=' ' tag='035'><subfield code='a'>(NNC)1030455</subfield></datafield><datafield ind1=' ' ind2=' ' tag='035'><subfield code='a'>1030455</subfield></datafield><datafield ind1=' ' ind2=' ' tag='040'><subfield code='a'>CU-SB</subfield><subfield code='c'>CU-SB</subfield><subfield code='d'>NNC</subfield></datafield><datafield ind1=' ' ind2=' ' tag='043'><subfield code='a'>e-ur---</subfield></datafield><datafield ind1='0' ind2='0' tag='050'><subfield code='a'>BD431</subfield><subfield code='b'>.P164</subfield></datafield><datafield ind1=' ' ind2=' ' tag='090'><subfield code='a'>BD431</subfield><subfield code='b'>.P164</subfield></datafield><datafield ind1='1' ind2=' ' tag='100'><subfield code='a'>Pant︠s︡khava, I. D.</subfield><subfield code='q'>(Ilʹi︠a︡ Diomidovich),</subfield><subfield code='d'>1907-</subfield><subfield code='0'>http://id.loc.gov/authorities/names/n86136488</subfield></datafield><datafield ind1='1' ind2='0' tag='245'><subfield code='a'>Chelovek :</subfield><subfield code='b'>ego zhiznʹ i bessmertie.</subfield></datafield><datafield ind1=' ' ind2=' ' tag='260'><subfield code='a'>Moskva :</subfield><subfield code='b'>Izd-vo polit. lit-ry,</subfield><subfield code='c'>1967.</subfield></datafield><datafield ind1=' ' ind2=' ' tag='300'><subfield code='a'>189 pages ;</subfield><subfield code='c'>29 cm</subfield></datafield><datafield ind1=' ' ind2=' ' tag='336'><subfield code='a'>text</subfield><subfield code='2'>rdacontent</subfield></datafield><datafield ind1=' ' ind2=' ' tag='337'><subfield code='a'>unmediated</subfield><subfield code='2'>rdamedia</subfield></datafield><datafield ind1=' ' ind2=' ' tag='338'><subfield code='a'>volume</subfield><subfield code='2'>rdacarrier</subfield></datafield><datafield ind1=' ' ind2=' ' tag='504'><subfield code='a'>Bibliographical footnotes, man.</subfield></datafield><datafield ind1=' ' ind2=' ' tag='500'><subfield code='a'>At head of title: I.D. Pant︠s︡khava.</subfield></datafield><datafield ind1=' ' ind2='0' tag='650'><subfield code='a'>Life.</subfield><subfield code='0'>http://id.loc.gov/authorities/subjects/sh85076807</subfield></datafield><datafield ind1=' ' ind2='0' tag='650'><subfield code='a'>Religion</subfield><subfield code='v'>Controversial literature.</subfield><subfield code='0'>http://id.loc.gov/authorities/subjects/sh85112550</subfield></datafield><datafield ind1=' ' ind2='0' tag='651'><subfield code='a'>Soviet Union</subfield><subfield code='x'>Religion.</subfield><subfield code='0'>http://id.loc.gov/authorities/subjects/sh85125850</subfield></datafield><datafield ind1=' ' ind2='0' tag='650'><subfield code='a'>Communism and religion.</subfield><subfield code='0'>http://id.loc.gov/authorities/subjects/sh85029162</subfield></datafield><datafield ind1=' ' ind2='0' tag='650'><subfield code='a'>Philosophical anthropology.</subfield><subfield code='0'>http://id.loc.gov/authorities/subjects/sh85100845</subfield></datafield><datafield ind1=' ' ind2='0' tag='650'><subfield code='a'>Immortality.</subfield><subfield code='0'>http://id.loc.gov/authorities/subjects/sh85064531</subfield></datafield><datafield ind1='0' ind2='0' tag='852'><subfield code='h'>BD431 .P164</subfield><subfield code='0'>2879778</subfield><subfield code='b'>scsbcul</subfield></datafield><datafield ind1=' ' ind2=' ' tag='876'><subfield code='0'>2879778</subfield><subfield code='a'>4522132</subfield><subfield code='h'> </subfield><subfield code='j'>Available</subfield><subfield code='p'>CU74634364</subfield><subfield code='t'>1</subfield><subfield code='x'>Shared</subfield><subfield code='z'>CU</subfield><subfield code='l'>RECAP</subfield></datafield></record>