
<record><leader>00845nam a2200241Ia 4500</leader><controlfield tag='001'>SCSB-6519399</controlfield><controlfield tag='003'>OCoLC</controlfield><controlfield tag='005'>20091203131941.0</controlfield><controlfield tag='008'>091203s2000    ru       b    000 0 rusod</controlfield><controlfield tag='009'>.b182036029</controlfield><datafield ind1=' ' ind2=' ' tag='040'><subfield code='a'>NYP</subfield><subfield code='b'>eng</subfield><subfield code='c'>NYP</subfield></datafield><datafield ind1=' ' ind2=' ' tag='049'><subfield code='a'>NYPP</subfield></datafield><datafield ind1='1' ind2=' ' tag='100'><subfield code='a'>Kiselev, A. I.</subfield><subfield code='q'>(Anatoliĭ Ivanovich)</subfield></datafield><datafield ind1='1' ind2='0' tag='245'><subfield code='a'>Chelovek :</subfield><subfield code='b'>ėkologicheskoe izmerenie : filosofska︠i︡a interpreta︠t︡si︠i︡a /</subfield><subfield code='c'>A.I. Kiselev.</subfield></datafield><datafield ind1=' ' ind2=' ' tag='260'><subfield code='a'>Sankt-Peterburg :</subfield><subfield code='b'>Izd-vo &quot;Nestor&quot;,</subfield><subfield code='c'>2000.</subfield></datafield><datafield ind1=' ' ind2=' ' tag='300'><subfield code='a'>190 p. ;</subfield><subfield code='c'>21 cm.</subfield></datafield><datafield ind1=' ' ind2=' ' tag='504'><subfield code='a'>Includes bibliographical references.</subfield></datafield><datafield ind1=' ' ind2='0' tag='650'><subfield code='a'>Human ecology.</subfield></datafield><datafield ind1=' ' ind2='0' tag='650'><subfield code='a'>Nature</subfield><subfield code='x'>Effect of human beings on.</subfield></datafield><datafield ind1=' ' ind2=' ' tag='907'><subfield code='a'>.b182036029</subfield><subfield code='c'>m</subfield><subfield code='d'>a</subfield><subfield code='e'>-</subfield><subfield code='f'>rus</subfield><subfield code='g'>ru</subfield><subfield code='h'>0</subfield><subfield code='i'>1</subfield></datafield><datafield ind1=' ' ind2=' ' tag='035'><subfield code='a'>(OCoLC)472459356</subfield></datafield><datafield ind1='8' ind2=' ' tag='852'><subfield code='h'>ReCAP 09-42092</subfield><subfield code='0'>6593031</subfield><subfield code='b'>scsbnypl</subfield></datafield><datafield ind1=' ' ind2=' ' tag='876'><subfield code='0'>6593031</subfield><subfield code='a'>10600327</subfield><subfield code='j'>Available</subfield><subfield code='p'>33433086910241</subfield><subfield code='t'>1</subfield><subfield code='x'>Shared</subfield><subfield code='z'>NA</subfield><subfield code='l'>RECAP</subfield></datafield></record>