
<record><leader>04475nam a2200373 a 4500</leader><controlfield tag='001'>SCSB-3488089</controlfield><controlfield tag='003'>NNC</controlfield><controlfield tag='005'>20220609041349.0</controlfield><controlfield tag='008'>960308t19961996enkab    b    001 0 eng  </controlfield><controlfield tag='009'>1972806</controlfield><datafield ind1=' ' ind2=' ' tag='010'><subfield code='a'>   96005694 </subfield></datafield><datafield ind1=' ' ind2=' ' tag='020'><subfield code='a'>1858981174</subfield></datafield><datafield ind1=' ' ind2=' ' tag='035'><subfield code='a'>(OCoLC)34411719</subfield></datafield><datafield ind1=' ' ind2=' ' tag='035'><subfield code='a'>(OCoLC)ocm34411719</subfield></datafield><datafield ind1=' ' ind2=' ' tag='035'><subfield code='9'>AMH8256CU</subfield></datafield><datafield ind1=' ' ind2=' ' tag='035'><subfield code='a'>(NNC)1972806</subfield></datafield><datafield ind1=' ' ind2=' ' tag='035'><subfield code='a'>1972806</subfield></datafield><datafield ind1=' ' ind2=' ' tag='040'><subfield code='a'>DLC</subfield><subfield code='c'>DLC</subfield><subfield code='d'>DLC</subfield><subfield code='d'>OrLoB-B</subfield></datafield><datafield ind1='0' ind2='0' tag='050'><subfield code='a'>HB1952</subfield><subfield code='b'>.G46 1996</subfield></datafield><datafield ind1='0' ind2='0' tag='082'><subfield code='a'>304.8</subfield><subfield code='2'>20</subfield></datafield><datafield ind1='0' ind2='0' tag='245'><subfield code='a'>Geography and migration /</subfield><subfield code='c'>edited by Vaughan Robinson.</subfield></datafield><datafield ind1=' ' ind2=' ' tag='260'><subfield code='a'>Cheltenham, UK ;</subfield><subfield code='a'>Brookfield, Vt., US :</subfield><subfield code='b'>Elgar,</subfield><subfield code='c'>[1996], ©1996.</subfield></datafield><datafield ind1=' ' ind2=' ' tag='300'><subfield code='a'>xxviii, 587 pages :</subfield><subfield code='b'>illustrations, maps ;</subfield><subfield code='c'>25 cm.</subfield></datafield><datafield ind1=' ' ind2=' ' tag='336'><subfield code='a'>text</subfield><subfield code='b'>txt</subfield><subfield code='2'>rdacontent</subfield></datafield><datafield ind1=' ' ind2=' ' tag='337'><subfield code='a'>unmediated</subfield><subfield code='b'>n</subfield><subfield code='2'>rdamedia</subfield></datafield><datafield ind1='1' ind2=' ' tag='490'><subfield code='a'>The international library of studies on migration ;</subfield><subfield code='v'>2</subfield></datafield><datafield ind1=' ' ind2=' ' tag='504'><subfield code='a'>Includes bibliographical references and index.</subfield></datafield><datafield ind1='0' ind2='0' tag='505'><subfield code='g'>1.</subfield><subfield code='t'>A Comparative Overview of International Trends and Types, 1950-80 /</subfield><subfield code='r'>John Salt --</subfield><subfield code='g'>2.</subfield><subfield code='t'>Indochinese Resettlement in the United States /</subfield><subfield code='r'>Jacqueline Desbarats --</subfield><subfield code='g'>3.</subfield><subfield code='t'>Population Redistribution in the United States in the 1970s /</subfield><subfield code='r'>Brian J. L. Berry and Donald C. Dahmann --</subfield><subfield code='g'>4.</subfield><subfield code='t'>Population Dispersal from Major Metropolitan Regions: An International Comparison /</subfield><subfield code='r'>Daniel R. Vining, Jr. and Thomas Kontuly --</subfield><subfield code='g'>5.</subfield><subfield code='t'>E.G. Ravenstein and the &quot;Laws of Migration&quot; /</subfield><subfield code='r'>D. B. Grigg --</subfield><subfield code='g'>6.</subfield><subfield code='t'>Marriage, Migration, and the Mean Information Field: A Study in Uniqueness and Generality /</subfield><subfield code='r'>Richard L. Morrill and Forrest R. Pitts --</subfield><subfield code='g'>7.</subfield><subfield code='t'>An Historical Review of the Gravity and Potential Concepts of Human Interaction /</subfield><subfield code='r'>Gerald A. P. Carrothers --</subfield><subfield code='g'>8.</subfield><subfield code='t'>Empirical Mathematical Rules Concerning the Distribution and Equilibrium of Population /</subfield><subfield code='r'>John Q. Stewart --</subfield><subfield code='g'>9.</subfield><subfield code='t'>Distance and Human Interaction: A Migration Study /</subfield><subfield code='r'>Gunnar Olsson --</subfield></datafield><datafield ind1='8' ind2='0' tag='505'><subfield code='g'>10.</subfield><subfield code='t'>The Expansion of the Negro Ghetto in Milwaukee: A Description and Simulation Model /</subfield><subfield code='r'>Ch. R. Hansell and W. A. V. Clark --</subfield><subfield code='g'>11.</subfield><subfield code='t'>Duration of Residence and Prospective Migration: The Evaluation of a Stochastic Model /</subfield><subfield code='r'>Peter A. Morrison --</subfield><subfield code='g'>12.</subfield><subfield code='t'>The Destination Decision in Retirement Migration /</subfield><subfield code='r'>Christopher M. Law and Anthony M. Warnes --</subfield><subfield code='g'>13.</subfield><subfield code='t'>Social Change in London: A Study of Gentrification /</subfield><subfield code='r'>Chris Hamnett and Peter Williams --</subfield><subfield code='g'>14.</subfield><subfield code='t'>Counter-Urbanisation - Disposing of the Myths /</subfield><subfield code='r'>Nicola Bolton and Brian Chalkley --</subfield><subfield code='g'>15.</subfield><subfield code='t'>Skilled International Migration: A Research Agenda /</subfield><subfield code='r'>Allan Findlay and W. T. S. Gould --</subfield><subfield code='g'>16.</subfield><subfield code='t'>Highly-skilled International Migrants, Careers and Internal Labour Markets /</subfield><subfield code='r'>John Salt --</subfield><subfield code='g'>17.</subfield><subfield code='t'>Labour Migration Within Organizations: An Introductory Study /</subfield><subfield code='r'>James H. Johnson and John Salt --</subfield><subfield code='g'>18.</subfield><subfield code='t'>Geographical Perspectives on the History of Black America /</subfield><subfield code='r'>Richard L. Morrill and O. Fred Donaldson --</subfield><subfield code='g'>19.</subfield><subfield code='t'>Africa&apos;s Resettlement Strategies /</subfield><subfield code='r'>John R. Rogge --</subfield></datafield><datafield ind1='8' ind2='0' tag='505'><subfield code='g'>20.</subfield><subfield code='t'>Return Migration: A Neglected Aspect of Population Geography /</subfield><subfield code='r'>Russell King --</subfield><subfield code='g'>21.</subfield><subfield code='t'>The Geography of Dual Career Households: A Research Agenda and Selected Evidence from Secondary Data Sources for Britain /</subfield><subfield code='r'>Anne E. Green --</subfield><subfield code='g'>22.</subfield><subfield code='t'>Life Cycle and Housing Adjustment as Explanations of Residential Mobility /</subfield><subfield code='r'>W. A. V. Clark and Jun L. Onaka --</subfield><subfield code='g'>23.</subfield><subfield code='t'>Environmental Preference Migration: A Review /</subfield><subfield code='r'>Larry M. Svart --</subfield><subfield code='g'>24.</subfield><subfield code='t'>Behavioral Aspects of the Decision to Migrate /</subfield><subfield code='r'>Julian Wolpert --</subfield><subfield code='g'>25.</subfield><subfield code='t'>The Intra-Urban Migration Process: A Perspective /</subfield><subfield code='r'>Lawrence A. Brown and Eric G. Moore --</subfield><subfield code='g'>26.</subfield><subfield code='t'>Directional Bias in Intra-Urban Migration /</subfield><subfield code='r'>John S. Adams --</subfield><subfield code='g'>27.</subfield><subfield code='t'>A Structural Perspective on Labour Migration in Underdeveloped Countries /</subfield><subfield code='r'>Nanda R. Shrestha --</subfield><subfield code='g'>28.</subfield><subfield code='t'>&quot;Only the Women Know&quot;: Powerlessness and Marginality in Three Hmong Women&apos;s Lives /</subfield><subfield code='r'>Kristen L. Monzel --</subfield><subfield code='g'>29.</subfield><subfield code='t'>Migration and Rural Development in the Caribbean /</subfield><subfield code='r'>Janet D. Momsen --</subfield></datafield><datafield ind1='8' ind2='0' tag='505'><subfield code='g'>30.</subfield><subfield code='t'>Inter-Regional Migration and Social Change: A Study of South East England Based upon Data from the Longitudinal Study /</subfield><subfield code='r'>A. J. Fielding --</subfield><subfield code='g'>31.</subfield><subfield code='t'>Settlement Dimensions of the Vietnam-Born Population in Metropolitan Sydney /</subfield><subfield code='r'>I. H. Burnley --</subfield><subfield code='g'>32.</subfield><subfield code='t'>Making Waves?: The Contribution of Ethnic Minorities to Local Demography /</subfield><subfield code='r'>Vaughan Robinson.</subfield></datafield><datafield ind1=' ' ind2='0' tag='650'><subfield code='a'>Migration, Internal.</subfield><subfield code='0'>http://id.loc.gov/authorities/subjects/sh85085069</subfield></datafield><datafield ind1='1' ind2=' ' tag='700'><subfield code='a'>Robinson, Vaughan.</subfield><subfield code='0'>http://id.loc.gov/authorities/names/n80150674</subfield></datafield><datafield ind1=' ' ind2='0' tag='830'><subfield code='a'>International library of studies on migration ;</subfield><subfield code='v'>2.</subfield><subfield code='0'>http://id.loc.gov/authorities/names/n96025736</subfield></datafield><datafield ind1='0' ind2='0' tag='852'><subfield code='h'>HB1952 .G46 1996</subfield><subfield code='0'>3489972</subfield><subfield code='b'>scsbcul</subfield></datafield><datafield ind1=' ' ind2=' ' tag='876'><subfield code='0'>3489972</subfield><subfield code='a'>5223056</subfield><subfield code='h'> </subfield><subfield code='j'>Available</subfield><subfield code='p'>CU69072906</subfield><subfield code='t'>1</subfield><subfield code='x'>Shared</subfield><subfield code='z'>CU</subfield><subfield code='l'>RECAP</subfield></datafield></record>