
<record><leader>04822nam a2200433 a 4500</leader><controlfield tag='001'>SCSB-3633049</controlfield><controlfield tag='003'>NNC</controlfield><controlfield tag='005'>20220615233745.0</controlfield><controlfield tag='008'>981124s1998    nyua     b   i100 0 eng d</controlfield><controlfield tag='009'>2221721</controlfield><datafield ind1=' ' ind2=' ' tag='010'><subfield code='a'>   99176675 </subfield></datafield><datafield ind1=' ' ind2=' ' tag='020'><subfield code='a'>9211513243</subfield></datafield><datafield ind1=' ' ind2=' ' tag='035'><subfield code='a'>(OCoLC)40394017</subfield></datafield><datafield ind1=' ' ind2=' ' tag='035'><subfield code='9'>ANV0169CU</subfield></datafield><datafield ind1=' ' ind2=' ' tag='035'><subfield code='a'>(NNC)2221721</subfield></datafield><datafield ind1=' ' ind2=' ' tag='035'><subfield code='a'>2221721</subfield></datafield><datafield ind1=' ' ind2=' ' tag='040'><subfield code='a'>HU</subfield><subfield code='c'>HU</subfield><subfield code='d'>NmLcU</subfield><subfield code='d'>UkNcU</subfield><subfield code='d'>ICEnB</subfield><subfield code='d'>DLC</subfield><subfield code='d'>OrLoB-B</subfield></datafield><datafield ind1=' ' ind2=' ' tag='042'><subfield code='a'>lccopycat</subfield></datafield><datafield ind1='0' ind2='0' tag='050'><subfield code='a'>HB1951</subfield><subfield code='b'>.U55 1993</subfield></datafield><datafield ind1='2' ind2=' ' tag='111'><subfield code='a'>United Nations Expert Group Meeting on Population Distribution and Migration</subfield><subfield code='d'>(1993 :</subfield><subfield code='c'>Santa Cruz de la Sierra, Bolivia)</subfield><subfield code='0'>http://id.loc.gov/authorities/names/no96052834</subfield></datafield><datafield ind1='1' ind2='0' tag='245'><subfield code='a'>Population distribution and migration :</subfield><subfield code='b'>proceedings of the United Nations Expert Group Meeting on Population Distribution and Migration, Santa Cruz, Bolivia, 18-22 January 1993, convened in preparation for the International Conference on Population and Development, Cairo, 5-13 September 1994 /</subfield><subfield code='c'>Department of Economic and Social Affairs, Population Division.</subfield></datafield><datafield ind1=' ' ind2=' ' tag='260'><subfield code='a'>New York :</subfield><subfield code='b'>United Nations,</subfield><subfield code='c'>1998.</subfield></datafield><datafield ind1=' ' ind2=' ' tag='300'><subfield code='a'>xii, 400 pages :</subfield><subfield code='b'>illustrations ;</subfield><subfield code='c'>28 cm</subfield></datafield><datafield ind1=' ' ind2=' ' tag='336'><subfield code='a'>text</subfield><subfield code='b'>txt</subfield><subfield code='2'>rdacontent</subfield></datafield><datafield ind1=' ' ind2=' ' tag='337'><subfield code='a'>unmediated</subfield><subfield code='b'>n</subfield><subfield code='2'>rdamedia</subfield></datafield><datafield ind1=' ' ind2=' ' tag='500'><subfield code='a'>&quot;ST/ESA/SER.R/133.&quot;</subfield></datafield><datafield ind1=' ' ind2=' ' tag='500'><subfield code='a'>&quot;United Nations publication sales no.: E.98.XIII.12&quot;--T.p. verso.</subfield></datafield><datafield ind1=' ' ind2=' ' tag='504'><subfield code='a'>Includes bibliographical references.</subfield></datafield><datafield ind1='0' ind2='0' tag='505'><subfield code='t'>Population Distribution and Migration: The Emerging Issues: United Nations Secretariat --</subfield><subfield code='t'>Global Urbanization: Towards the Twenty-First Century /</subfield><subfield code='r'>Terence G. McGee and C. J. Griffiths --</subfield><subfield code='t'>Population Distribution in Developed Countries: Has Counter-Urbanization Stopped? /</subfield><subfield code='r'>Anthony Champion --</subfield><subfield code='t'>Population Distribution in Africa: Urbanization under Weak Economic Conditions /</subfield><subfield code='r'>Robert A. Obudho --</subfield><subfield code='t'>Population Distribution in Asia: A Region of Contrasts /</subfield><subfield code='r'>Ernesto M. Pernia --</subfield><subfield code='t'>Population Distribution in Latin America: Is There a Trend Towards Population Deconcentration? /</subfield><subfield code='r'>Alfredo Lattes --</subfield><subfield code='t'>Migration as a Survival Strategy: The Family Dimension of Migration /</subfield><subfield code='r'>Graeme J. Hugo --</subfield><subfield code='t'>Health and Environmental Problems in the Cities of Developing Countries /</subfield><subfield code='r'>David Satterthwaite --</subfield><subfield code='t'>The Moderate Efficiency of Population Distribution Policies in Developing Countries /</subfield><subfield code='r'>Carlos Antonio De Mattos --</subfield><subfield code='t'>South-to-North Migration /</subfield><subfield code='r'>Philip Muus --</subfield><subfield code='t'>Migration Between Asian Countries /</subfield><subfield code='r'>Nasra M. Shah --</subfield></datafield><datafield ind1='8' ind2='0' tag='505'><subfield code='t'>Migration Between Developing Countries in Sub-Saharan Africa and Latin America /</subfield><subfield code='r'>Sharon Stanton Russell --</subfield><subfield code='t'>The Process of Integration of Migrant Communities /</subfield><subfield code='r'>Stephen Castles --</subfield><subfield code='t'>Growing Economic Interdependence and Its Implications for International Migration /</subfield><subfield code='r'>Lin Lean Lim --</subfield><subfield code='t'>Safeguarding the Institution of Asylum /</subfield><subfield code='r'>Astri Suhrke --</subfield><subfield code='t'>Changing Solutions to Refugee Movements /</subfield><subfield code='r'>John R. Rogge --</subfield><subfield code='t'>Migration to the Large Cities of the ESCAP Region /</subfield><subfield code='r'>Economic and Social Commission for Asia and the Pacific --</subfield><subfield code='t'>Population Dynamics in the Large of Latin America and the Caribbean /</subfield><subfield code='r'>Economic Commission for Latin Cities America and the Caribbean --</subfield><subfield code='t'>Migration and Population Distribution in Developing Countries: Problems and Policies /</subfield><subfield code='r'>International Labour Organization --</subfield><subfield code='t'>The Challenge Facing the Future of Human Settlements /</subfield><subfield code='r'>United Nations Centre for Human Settlements (Habitat) --</subfield><subfield code='t'>Rural Development, the Environment and Migration /</subfield><subfield code='r'>Food and Agriculture Organization of the United Nations --</subfield></datafield><datafield ind1='8' ind2='0' tag='505'><subfield code='t'>Health and Urbanization in Developing Countries /</subfield><subfield code='r'>World Health Organization --</subfield><subfield code='t'>A Gender Perspective on Migration and Urbanization /</subfield><subfield code='r'>United Nations Office at Vienna --</subfield><subfield code='t'>Migration and Development /</subfield><subfield code='r'>International Organization for Migration --</subfield><subfield code='t'>International Digration in the ECE Region /</subfield><subfield code='r'>Economic Commission for Europe --</subfield><subfield code='t'>Arab Labour Migration in Western Asia /</subfield><subfield code='r'>Economic and Social Commission for Western Asia --</subfield><subfield code='t'>The Impact of Refugee Flows on Countries of Asylum and the Challenge of Refugee Assistance /</subfield><subfield code='r'>Office of the United Nations High Commissioner for Refugees --</subfield><subfield code='t'>Africa&apos;s Refugee Problem: Dimensions, Causes and Consequences /</subfield><subfield code='r'>Economic Commission for Africa.</subfield></datafield><datafield ind1=' ' ind2='0' tag='650'><subfield code='a'>Population geography</subfield><subfield code='v'>Congresses.</subfield></datafield><datafield ind1=' ' ind2='0' tag='650'><subfield code='a'>Emigration and immigration</subfield><subfield code='v'>Congresses.</subfield><subfield code='0'>http://id.loc.gov/authorities/subjects/sh2008102973</subfield></datafield><datafield ind1=' ' ind2='0' tag='650'><subfield code='a'>Population density</subfield><subfield code='v'>Congresses.</subfield></datafield><datafield ind1=' ' ind2='0' tag='650'><subfield code='a'>Urbanization</subfield><subfield code='v'>Congresses.</subfield><subfield code='0'>http://id.loc.gov/authorities/subjects/sh2008113121</subfield></datafield><datafield ind1=' ' ind2='0' tag='650'><subfield code='a'>Migration, Internal</subfield><subfield code='v'>Congresses.</subfield><subfield code='0'>http://id.loc.gov/authorities/subjects/sh2010101738</subfield></datafield><datafield ind1='2' ind2=' ' tag='710'><subfield code='a'>United Nations.</subfield><subfield code='b'>Department of Economic and Social Affairs.</subfield><subfield code='b'>Population Division.</subfield><subfield code='0'>http://id.loc.gov/authorities/names/n80139861</subfield></datafield><datafield ind1='2' ind2=' ' tag='711'><subfield code='a'>International Conference on Population and Development</subfield><subfield code='d'>(1994 :</subfield><subfield code='c'>Cairo, Egypt)</subfield><subfield code='0'>http://id.loc.gov/authorities/names/no94034769</subfield></datafield><datafield ind1=' ' ind2=' ' tag='901'><subfield code='a'>c37a3b3d-2802-4d8c-aa6a-a641a465a088</subfield><subfield code='b'>29</subfield><subfield code='c'>false</subfield></datafield><datafield ind1='0' ind2='0' tag='852'><subfield code='h'>HB1951 .U55 1993</subfield><subfield code='0'>3637395</subfield><subfield code='b'>scsbcul</subfield></datafield><datafield ind1=' ' ind2=' ' tag='876'><subfield code='0'>3637395</subfield><subfield code='a'>5409151</subfield><subfield code='h'> </subfield><subfield code='j'>Available</subfield><subfield code='p'>CU69085099</subfield><subfield code='t'>1</subfield><subfield code='x'>Shared</subfield><subfield code='z'>CU</subfield><subfield code='l'>RECAP</subfield></datafield></record>