
<record><leader>01201cam a2200361Ia 4500</leader><controlfield tag='001'>SCSB-5606546</controlfield><controlfield tag='003'>NNC</controlfield><controlfield tag='005'>20221206083435.0</controlfield><controlfield tag='008'>110726s2011    lv            000 0 rusod</controlfield><controlfield tag='009'>9115842</controlfield><datafield ind1=' ' ind2=' ' tag='020'><subfield code='a'>9789984301839</subfield></datafield><datafield ind1=' ' ind2=' ' tag='020'><subfield code='a'>9984301834</subfield></datafield><datafield ind1=' ' ind2=' ' tag='035'><subfield code='a'>(OCoLC)ocn742570541</subfield></datafield><datafield ind1=' ' ind2=' ' tag='035'><subfield code='a'>(OCoLC)742570541</subfield></datafield><datafield ind1=' ' ind2=' ' tag='035'><subfield code='a'>(NNC)9115842</subfield></datafield><datafield ind1=' ' ind2=' ' tag='035'><subfield code='a'>9115842</subfield></datafield><datafield ind1=' ' ind2=' ' tag='040'><subfield code='a'>NOC</subfield><subfield code='c'>NOC</subfield><subfield code='d'>NNC</subfield></datafield><datafield ind1='0' ind2=' ' tag='041'><subfield code='a'>rus</subfield><subfield code='a'>lav</subfield></datafield><datafield ind1=' ' ind2=' ' tag='043'><subfield code='a'>e-ru---</subfield><subfield code='a'>e-lv---</subfield></datafield><datafield ind1=' ' ind2=' ' tag='090'><subfield code='a'>BX6.8.R54</subfield><subfield code='b'>S35 2011</subfield></datafield><datafield ind1='1' ind2=' ' tag='100'><subfield code='a'>Riga, Sandr,</subfield><subfield code='d'>1939-</subfield><subfield code='0'>http://id.loc.gov/authorities/names/nr99011735</subfield></datafield><datafield ind1='1' ind2='0' tag='245'><subfield code='a'>Nonfiction /</subfield><subfield code='c'>Sandr Riga.</subfield></datafield><datafield ind1=' ' ind2=' ' tag='260'><subfield code='a'>[Riga] :</subfield><subfield code='b'>Sacramento,</subfield><subfield code='c'>2011.</subfield></datafield><datafield ind1=' ' ind2=' ' tag='300'><subfield code='a'>173 pages ;</subfield><subfield code='c'>19 cm</subfield></datafield><datafield ind1=' ' ind2=' ' tag='336'><subfield code='a'>text</subfield><subfield code='b'>txt</subfield><subfield code='2'>rdacontent</subfield></datafield><datafield ind1=' ' ind2=' ' tag='337'><subfield code='a'>unmediated</subfield><subfield code='b'>n</subfield><subfield code='2'>rdamedia</subfield></datafield><datafield ind1=' ' ind2=' ' tag='546'><subfield code='a'>In Russian and Latvian.</subfield></datafield><datafield ind1='1' ind2='0' tag='600'><subfield code='a'>Riga, Sandr,</subfield><subfield code='d'>1939-</subfield><subfield code='0'>http://id.loc.gov/authorities/names/nr99011735</subfield></datafield><datafield ind1=' ' ind2='0' tag='650'><subfield code='a'>Ecumenists</subfield><subfield code='z'>Russia (Federation)</subfield><subfield code='v'>Biography.</subfield></datafield><datafield ind1=' ' ind2='0' tag='650'><subfield code='a'>Ecumenists</subfield><subfield code='z'>Latvia</subfield><subfield code='v'>Biography.</subfield></datafield><datafield ind1=' ' ind2='0' tag='650'><subfield code='a'>Christian union.</subfield><subfield code='0'>http://id.loc.gov/authorities/subjects/sh85025209</subfield></datafield><datafield ind1=' ' ind2='0' tag='650'><subfield code='a'>Ecumenical movement.</subfield><subfield code='0'>http://id.loc.gov/authorities/subjects/sh85040933</subfield></datafield><datafield ind1='0' ind2='0' tag='852'><subfield code='h'>BX6.8.R54 S35 2011g</subfield><subfield code='0'>5600986</subfield><subfield code='b'>scsbcul</subfield></datafield><datafield ind1=' ' ind2=' ' tag='876'><subfield code='0'>5600986</subfield><subfield code='a'>8279622</subfield><subfield code='h'> </subfield><subfield code='j'>Available</subfield><subfield code='p'>CU17367905</subfield><subfield code='t'>1</subfield><subfield code='x'>Shared</subfield><subfield code='z'>CU</subfield><subfield code='l'>RECAP</subfield></datafield></record>