
<record><leader>00000nam a22008415a 4500</leader><controlfield tag='001'>SCSB-10801138</controlfield><controlfield tag='005'>20090209170135.0</controlfield><controlfield tag='008'>080204s2008    sw ||||      |00| 0 swe d</controlfield><controlfield tag='009'>990118265270203941</controlfield><datafield ind1=' ' ind2=' ' tag='020'><subfield code='a'>9789197684248</subfield></datafield><datafield ind1=' ' ind2=' ' tag='035'><subfield code='a'>(OCoLC)1193248933</subfield></datafield><datafield ind1='1' ind2=' ' tag='100'><subfield code='a'>Johansson, Anders,</subfield><subfield code='d'>1968-,</subfield><subfield code='c'>litteraturvetare.</subfield></datafield><datafield ind1='1' ind2='0' tag='245'><subfield code='a'>Nonfiction /</subfield><subfield code='c'>Anders Johansson.</subfield></datafield><datafield ind1=' ' ind2=' ' tag='260'><subfield code='a'>Göteborg :</subfield><subfield code='b'>Glänta produktion,</subfield><subfield code='c'>2008.</subfield></datafield><datafield ind1=' ' ind2=' ' tag='300'><subfield code='a'>260 p. :</subfield><subfield code='b'>ill.</subfield></datafield><datafield ind1=' ' ind2='0' tag='650'><subfield code='a'>Criticism.</subfield></datafield><datafield ind1=' ' ind2='0' tag='650'><subfield code='a'>Literature</subfield><subfield code='x'>History and criticism</subfield></datafield><datafield ind1=' ' ind2='0' tag='650'><subfield code='a'>Literature</subfield><subfield code='x'>History and criticism</subfield><subfield code='x'>Theory, etc.</subfield></datafield><datafield ind1=' ' ind2='0' tag='650'><subfield code='a'>Humanities.</subfield></datafield><datafield ind1=' ' ind2='7' tag='650'><subfield code='a'>Litteraturkritik</subfield></datafield><datafield ind1=' ' ind2='7' tag='650'><subfield code='a'>Humaniora</subfield></datafield><datafield ind1=' ' ind2='7' tag='655'><subfield code='a'>Criticism, interpretation, etc.</subfield><subfield code='2'>fast</subfield><subfield code='0'>(OCoLC)fst01411635</subfield></datafield><datafield ind1='1' ind2=' ' tag='583'><subfield code='a'>committed to retain</subfield><subfield code='c'>20181001</subfield><subfield code='d'>in perpetuity</subfield><subfield code='f'>ReCAP Shared Collection</subfield><subfield code='5'>HUL</subfield><subfield code='8'>222123852110003941</subfield></datafield><datafield ind1='0' ind2=' ' tag='852'><subfield code='c'>HD</subfield><subfield code='0'>11591182</subfield><subfield code='b'>scsbhl</subfield></datafield><datafield ind1=' ' ind2=' ' tag='876'><subfield code='0'>11591182</subfield><subfield code='a'>17335611</subfield><subfield code='h'> </subfield><subfield code='j'>Available</subfield><subfield code='k'>WID</subfield><subfield code='p'>32044112955455</subfield><subfield code='x'>Shared</subfield><subfield code='z'>HW</subfield><subfield code='l'>HD</subfield></datafield></record>