
<record><leader>03251cam a22004097i 4500</leader><controlfield tag='001'>SCSB-14986166</controlfield><controlfield tag='003'>NNC</controlfield><controlfield tag='005'>20250604230830.0</controlfield><controlfield tag='008'>240714t20242024pau           000 e eng d</controlfield><controlfield tag='009'>18916885</controlfield><datafield ind1=' ' ind2=' ' tag='020'><subfield code='a'>9781953368812</subfield><subfield code='q'>(pbk)</subfield></datafield><datafield ind1=' ' ind2=' ' tag='020'><subfield code='a'>1953368816</subfield><subfield code='q'>(pbk)</subfield></datafield><datafield ind1=' ' ind2=' ' tag='024'><subfield code='a'>90100319417</subfield></datafield><datafield ind1=' ' ind2=' ' tag='035'><subfield code='a'>(OCoLC)on1446125511</subfield></datafield><datafield ind1=' ' ind2=' ' tag='035'><subfield code='a'>(OCoLC)1446125511</subfield></datafield><datafield ind1=' ' ind2=' ' tag='035'><subfield code='a'>18916885</subfield></datafield><datafield ind1=' ' ind2=' ' tag='040'><subfield code='a'>YDX</subfield><subfield code='b'>eng</subfield><subfield code='e'>rda</subfield><subfield code='c'>YDX</subfield><subfield code='d'>WIM</subfield><subfield code='d'>OCLCO</subfield><subfield code='d'>YDX</subfield></datafield><datafield ind1=' ' ind2='4' tag='050'><subfield code='a'>PS659</subfield><subfield code='b'>.C74 2024</subfield></datafield><datafield ind1='0' ind2='4' tag='082'><subfield code='a'>814.54</subfield><subfield code='2'>23</subfield></datafield><datafield ind1='0' ind2='0' tag='245'><subfield code='a'>Creative nonfiction :</subfield><subfield code='b'>the final issue : the best of thirty years Creative Nonfiction /</subfield><subfield code='c'>edited by Lee Gutkind &amp; Leslie Rubinkowski.</subfield></datafield><datafield ind1=' ' ind2=' ' tag='250'><subfield code='a'>First edition.</subfield></datafield><datafield ind1=' ' ind2='1' tag='264'><subfield code='a'>Pittsburgh : PA :</subfield><subfield code='b'>Belt Publishing,</subfield><subfield code='c'>2024.</subfield></datafield><datafield ind1=' ' ind2='4' tag='264'><subfield code='c'>©2024</subfield></datafield><datafield ind1=' ' ind2=' ' tag='300'><subfield code='a'>375 pages ;</subfield><subfield code='c'>24 cm</subfield></datafield><datafield ind1=' ' ind2=' ' tag='336'><subfield code='a'>text</subfield><subfield code='b'>txt</subfield><subfield code='2'>rdacontent</subfield></datafield><datafield ind1=' ' ind2=' ' tag='337'><subfield code='a'>unmediated</subfield><subfield code='b'>n</subfield><subfield code='2'>rdamedia</subfield></datafield><datafield ind1=' ' ind2=' ' tag='338'><subfield code='a'>volume</subfield><subfield code='b'>nc</subfield><subfield code='2'>rdacarrier</subfield></datafield><datafield ind1=' ' ind2=' ' tag='520'><subfield code='a'>&quot;The very best writing from one of America&apos;s most groundbreaking literary magazines. When Creative Nonfiction debuted in 1994, the literary genre it championed was largely the target of skepticism or downright ridicule. But at a time when few editors were interested in the personal essay, the magazine doggedly explored new ideas and fresh modes of expression, and over the next three decades, its contributors pioneered what would come to be known as the &quot;fourth genre.&quot; The thirty-two essays collected here bring together some of the finest work Creative Nonfiction published over its seventy-eight issues. Read Pulitzer Prize-winner Charles Simic&apos;s boyhood remembrances of the bombing of Belgrade, Carolyn Forche&apos;s haunting, lyric catalog of her daily life as she faced down a cancer diagnosis, and John Edgar Wideman&apos;s meditation on the photo of a murdered boy his same age--Emmett Till--and how the image haunted him forever. Here, you&apos;ll find work by such luminaries as Adrienne Rich and John McPhee, but also essays from more contemporary voices like Brian Broome, Elizabeth Fortescue, and Anne McGrath. With an introduction by Lee Gutkind, Creative Nonfiction&apos;s founder and editor, this collection captures the evolution of a genre and the amazing work of the little magazine that helped make it all happen.&quot;--Publisher&apos;s website.</subfield></datafield><datafield ind1=' ' ind2='0' tag='650'><subfield code='a'>Creative nonfiction.</subfield><subfield code='0'>http://id.loc.gov/authorities/subjects/sh2009008117</subfield></datafield><datafield ind1=' ' ind2='7' tag='655'><subfield code='a'>Creative nonfiction.</subfield><subfield code='2'>lcgft</subfield><subfield code='0'>http://id.loc.gov/authorities/genreForms/gf2014026074</subfield></datafield><datafield ind1=' ' ind2='7' tag='655'><subfield code='a'>Essays.</subfield><subfield code='2'>lcgft</subfield><subfield code='0'>http://id.loc.gov/authorities/genreForms/gf2014026094</subfield></datafield><datafield ind1=' ' ind2='7' tag='655'><subfield code='a'>Essais fictionnels.</subfield><subfield code='2'>rvmgf</subfield><subfield code='0'>(CaQQLa)RVMGF-000000499</subfield></datafield><datafield ind1='1' ind2=' ' tag='700'><subfield code='a'>Gutkind, Lee,</subfield><subfield code='e'>editor.</subfield><subfield code='1'>https://id.oclc.org/worldcat/entity/E39PBJqvV4rm6CmdDtrmCfBHG3</subfield><subfield code='4'>http://id.loc.gov/vocabulary/relators/edt</subfield><subfield code='0'>http://id.loc.gov/authorities/names/n81083811</subfield></datafield><datafield ind1='1' ind2=' ' tag='700'><subfield code='a'>Rubinkowski, Leslie,</subfield><subfield code='e'>editor.</subfield><subfield code='1'>https://id.oclc.org/worldcat/entity/E39PCjwHyPttW334jyRc3RgCXq</subfield><subfield code='4'>http://id.loc.gov/vocabulary/relators/edt</subfield><subfield code='0'>http://id.loc.gov/authorities/names/n96114492</subfield></datafield><datafield ind1='0' ind2='2' tag='730'><subfield code='i'>works from</subfield><subfield code='a'>Creative Nonfiction (Magazine)</subfield></datafield><datafield ind1='0' ind2='8' tag='776'><subfield code='i'>Electronic version:</subfield><subfield code='t'>Creative nonfiction.</subfield><subfield code='b'>First edition.</subfield><subfield code='d'>New York, NY : Open Road, 2024</subfield><subfield code='z'>9781953368843</subfield><subfield code='w'>(OCoLC)1468640832</subfield></datafield><datafield ind1='0' ind2='0' tag='852'><subfield code='h'>PS659 .C74 2024g</subfield><subfield code='0'>16035928</subfield><subfield code='b'>scsbcul</subfield></datafield><datafield ind1=' ' ind2=' ' tag='876'><subfield code='0'>16035928</subfield><subfield code='a'>22741595</subfield><subfield code='h'> </subfield><subfield code='j'>Available</subfield><subfield code='p'>CU29863465</subfield><subfield code='t'>1</subfield><subfield code='x'>Shared</subfield><subfield code='z'>CU</subfield><subfield code='l'>RECAP</subfield></datafield></record>