
<record><leader>02272cam a2200385Ii 4500</leader><controlfield tag='001'>SCSB-10511405</controlfield><controlfield tag='005'>20210422172625.0</controlfield><controlfield tag='008'>160506s2016    dcu           000 p eng d</controlfield><controlfield tag='009'>990147518840203941</controlfield><datafield ind1=' ' ind2=' ' tag='020'><subfield code='a'>9781944585020</subfield><subfield code='q'>paperback</subfield></datafield><datafield ind1=' ' ind2=' ' tag='020'><subfield code='a'>1944585028</subfield><subfield code='q'>paperback</subfield></datafield><datafield ind1=' ' ind2=' ' tag='035'><subfield code='a'>(OCoLC)953629570</subfield><subfield code='z'>(OCoLC)948812978</subfield></datafield><datafield ind1=' ' ind2=' ' tag='040'><subfield code='a'>SUF</subfield><subfield code='b'>eng</subfield><subfield code='e'>rda</subfield><subfield code='c'>SUF</subfield><subfield code='d'>OCLCO</subfield><subfield code='d'>BDX</subfield><subfield code='d'>YDXCP</subfield><subfield code='d'>BTCTA</subfield><subfield code='d'>OCLCF</subfield><subfield code='d'>NUI</subfield><subfield code='d'>NhCcYBP</subfield></datafield><datafield ind1=' ' ind2='4' tag='050'><subfield code='a'>PS3602.A75</subfield><subfield code='b'>A6 2016</subfield></datafield><datafield ind1='0' ind2='4' tag='082'><subfield code='a'>811/.6</subfield><subfield code='2'>23</subfield></datafield><datafield ind1='1' ind2=' ' tag='100'><subfield code='a'>Barber, Jennifer,</subfield><subfield code='e'>author.</subfield></datafield><datafield ind1='1' ind2='0' tag='240'><subfield code='a'>Poems.</subfield><subfield code='k'>Selections</subfield></datafield><datafield ind1='1' ind2='0' tag='245'><subfield code='a'>Works on paper :</subfield><subfield code='b'>poems /</subfield><subfield code='c'>Jennifer Barber.</subfield></datafield><datafield ind1=' ' ind2=' ' tag='250'><subfield code='a'>First edition.</subfield></datafield><datafield ind1=' ' ind2='1' tag='264'><subfield code='a'>Washington, D.C. :</subfield><subfield code='b'>The Word Works,</subfield><subfield code='c'>[2016]</subfield></datafield><datafield ind1=' ' ind2=' ' tag='300'><subfield code='a'>85 pages ;</subfield><subfield code='c'>23 cm</subfield></datafield><datafield ind1=' ' ind2=' ' tag='336'><subfield code='a'>text</subfield><subfield code='b'>txt</subfield><subfield code='2'>rdacontent</subfield></datafield><datafield ind1=' ' ind2=' ' tag='337'><subfield code='a'>unmediated</subfield><subfield code='b'>n</subfield><subfield code='2'>rdamedia</subfield></datafield><datafield ind1=' ' ind2=' ' tag='338'><subfield code='a'>volume</subfield><subfield code='b'>nc</subfield><subfield code='2'>rdacarrier</subfield></datafield><datafield ind1=' ' ind2=' ' tag='500'><subfield code='a'>Winner of the 2015 Tenth Gate Prize.</subfield></datafield><datafield ind1='0' ind2=' ' tag='505'><subfield code='a'>Part 1: Source -- Inscription -- Motion harmony #1 -- Country Aubade -- Rooms -- Almanac -- Trope -- Commuter rail -- The etching &apos;Four bulls in midair&apos; -- Benign -- The dozen white irises -- Nests -- Five starts -- Last photograph -- Motion harmony #2 -- Cabin -- Before dark -- Anniversary window -- Motion harmony #3 -- After -- Three months -- 5 a.m. -- Near Eastern creation myths. Part 2: I found a 1950s &apos;Answer and color-in-Book&apos; -- Galway, fireplace -- Judenplatz -- 7 a.m. -- L.B. -- Before October -- From my window -- Assembling a psalm -- Reading -- Gomorrah -- After a year -- The valet -- Before noon -- To the river -- Past the gates of the city -- God, in the Index -- Despondency -- Song -- Before evening -- In August -- Reading Taha Muhammad Ali -- From &apos;Hebrew prayers made easy&apos; -- Motion harmony #4 -- Rainbow Lake -- Notes -- About the author / About the artist -- About The Word Works -- The Tenth Gate Prize -- Other Word Works books.</subfield></datafield><datafield ind1=' ' ind2=' ' tag='504'><subfield code='a'>Includes bibliographical references (page 77).</subfield></datafield><datafield ind1=' ' ind2='7' tag='650'><subfield code='a'>American poetry</subfield><subfield code='2'>fast</subfield><subfield code='0'>(OCoLC)fst00807348</subfield></datafield><datafield ind1=' ' ind2='7' tag='648'><subfield code='a'>2000-2099</subfield><subfield code='2'>fast</subfield></datafield><datafield ind1=' ' ind2='0' tag='650'><subfield code='a'>American poetry</subfield><subfield code='y'>21st century</subfield></datafield><datafield ind1=' ' ind2='0' tag='655'><subfield code='a'>American poetry</subfield><subfield code='y'>21st century.</subfield></datafield><datafield ind1='2' ind2=' ' tag='710'><subfield code='a'>Woodberry Poetry Room (Harvard College Library).</subfield><subfield code='t'>Collections,</subfield><subfield code='e'>repository.</subfield><subfield code='5'>poe</subfield></datafield><datafield ind1='1' ind2=' ' tag='583'><subfield code='a'>committed to retain</subfield><subfield code='c'>20181001</subfield><subfield code='d'>in perpetuity</subfield><subfield code='f'>ReCAP Shared Collection</subfield><subfield code='5'>HUL</subfield><subfield code='8'>222178333790003941</subfield></datafield><datafield ind1='0' ind2=' ' tag='852'><subfield code='c'>HD</subfield><subfield code='h'>PS3602.A75</subfield><subfield code='i'>A6 2016</subfield><subfield code='0'>11293039</subfield><subfield code='b'>scsbhl</subfield></datafield><datafield ind1=' ' ind2=' ' tag='876'><subfield code='0'>11293039</subfield><subfield code='a'>17025203</subfield><subfield code='h'> </subfield><subfield code='j'>Available</subfield><subfield code='k'>WID</subfield><subfield code='p'>32044136288339</subfield><subfield code='x'>Shared</subfield><subfield code='z'>HW</subfield><subfield code='l'>HD</subfield></datafield></record>