
<record><leader>00934nam a2200241 a 4500</leader><controlfield tag='001'>SCSB-9890726</controlfield><controlfield tag='005'>20050607065239.0</controlfield><controlfield tag='008'>021120s2002    ilua     c    000 0 eng d</controlfield><controlfield tag='009'>990092053120203941</controlfield><datafield ind1=' ' ind2=' ' tag='035'><subfield code='a'>(OCoLC)85191393</subfield></datafield><datafield ind1=' ' ind2=' ' tag='040'><subfield code='a'>NNFr</subfield><subfield code='c'>NNFr</subfield><subfield code='d'>MH-FA</subfield></datafield><datafield ind1=' ' ind2=' ' tag='043'><subfield code='a'>n-us---</subfield></datafield><datafield ind1=' ' ind2='4' tag='050'><subfield code='a'>NE539.3.A35</subfield><subfield code='b'>A27 2002</subfield></datafield><datafield ind1=' ' ind2=' ' tag='090'><subfield code='a'>\024\Aa8\2002</subfield></datafield><datafield ind1='2' ind2=' ' tag='110'><subfield code='a'>Aaron Galleries.</subfield></datafield><datafield ind1='1' ind2='2' tag='245'><subfield code='a'>A collection of works on paper by Joseph Delaney and other African-American masters :</subfield><subfield code='b'>including a selection of Gallery prints and drawings.</subfield></datafield><datafield ind1='3' ind2=' ' tag='246'><subfield code='a'>Aaron Galleries presents</subfield></datafield><datafield ind1='1' ind2=' ' tag='246'><subfield code='i'>Title appears on item as:</subfield><subfield code='a'>Aaron Galleries presents A collection of works on paper by Joseph Delaney and other African-American masters</subfield></datafield><datafield ind1=' ' ind2=' ' tag='260'><subfield code='a'>Chicago :</subfield><subfield code='b'>Aaron Galleries,</subfield><subfield code='c'>2002.</subfield></datafield><datafield ind1=' ' ind2=' ' tag='300'><subfield code='a'>1 v. (unpaged) :</subfield><subfield code='b'>chiefly ill. ;</subfield><subfield code='c'>28 cm.</subfield></datafield><datafield ind1='1' ind2=' ' tag='490'><subfield code='a'>Catalogue ;</subfield><subfield code='v'>8</subfield></datafield><datafield ind1=' ' ind2=' ' tag='500'><subfield code='a'>At head of title: Aaron Galleries presents</subfield></datafield><datafield ind1=' ' ind2=' ' tag='500'><subfield code='a'>Title from cover.</subfield></datafield><datafield ind1='1' ind2='0' tag='600'><subfield code='a'>Delaney, Joseph,</subfield><subfield code='d'>1904-</subfield><subfield code='v'>Catalogs.</subfield></datafield><datafield ind1=' ' ind2='0' tag='650'><subfield code='a'>African American prints</subfield><subfield code='v'>Catalogs.</subfield></datafield><datafield ind1=' ' ind2='0' tag='650'><subfield code='a'>African American art</subfield><subfield code='v'>Catalogs.</subfield></datafield><datafield ind1=' ' ind2='0' tag='650'><subfield code='a'>Drawing, American</subfield><subfield code='y'>20th century</subfield><subfield code='v'>Catalogs.</subfield></datafield><datafield ind1=' ' ind2='0' tag='650'><subfield code='a'>Prints, American</subfield><subfield code='y'>20th century</subfield><subfield code='v'>Catalogs.</subfield></datafield><datafield ind1='2' ind2='0' tag='610'><subfield code='a'>Aaron Galleries</subfield><subfield code='v'>Catalogs.</subfield></datafield><datafield ind1=' ' ind2='7' tag='648'><subfield code='a'>1900-1999</subfield><subfield code='2'>fast</subfield></datafield><datafield ind1=' ' ind2='7' tag='655'><subfield code='a'>Catalogs</subfield><subfield code='2'>fast</subfield></datafield><datafield ind1='2' ind2=' ' tag='710'><subfield code='a'>Aaron Galleries</subfield><subfield code='1'>https://id.oclc.org/worldcat/entity/E39QH7JmqkFwDVQjpB7dPyp6hR</subfield></datafield><datafield ind1='2' ind2=' ' tag='810'><subfield code='a'>Aaron Galleries.</subfield><subfield code='t'>Catalogue ;</subfield><subfield code='v'>8.</subfield></datafield><datafield ind1='1' ind2=' ' tag='583'><subfield code='a'>committed to retain</subfield><subfield code='c'>20181001</subfield><subfield code='d'>in perpetuity</subfield><subfield code='f'>ReCAP Shared Collection</subfield><subfield code='5'>HUL</subfield><subfield code='8'>222071743340003941</subfield></datafield><datafield ind1='0' ind2=' ' tag='852'><subfield code='c'>HD</subfield><subfield code='h'>NE539.3.A35</subfield><subfield code='i'>A27 2002</subfield><subfield code='0'>10627348</subfield><subfield code='b'>scsbhl</subfield></datafield><datafield ind1=' ' ind2=' ' tag='876'><subfield code='0'>10627348</subfield><subfield code='a'>16314868</subfield><subfield code='h'> </subfield><subfield code='j'>Available</subfield><subfield code='k'>FAL</subfield><subfield code='p'>32044117696559</subfield><subfield code='x'>Shared</subfield><subfield code='z'>FL</subfield><subfield code='l'>HD</subfield></datafield></record>