
<record><leader>00824cam a2200229I  4500</leader><controlfield tag='001'>SCSB-13504484</controlfield><controlfield tag='005'>20140711183707.0</controlfield><controlfield tag='008'>751115s1934    nyuafg        000 0 eng  </controlfield><controlfield tag='009'>990037528070203941</controlfield><datafield ind1=' ' ind2=' ' tag='010'><subfield code='a'>^^^34038912^</subfield></datafield><datafield ind1=' ' ind2=' ' tag='035'><subfield code='a'>(OCoLC)1836831</subfield><subfield code='z'>(OCoLC)1038148764</subfield><subfield code='z'>(OCoLC)1301527067</subfield></datafield><datafield ind1=' ' ind2=' ' tag='040'><subfield code='a'>DLC</subfield><subfield code='c'>FQG</subfield><subfield code='d'>m.c.</subfield><subfield code='d'>OCL</subfield><subfield code='d'>HLS</subfield></datafield><datafield ind1='0' ind2=' ' tag='050'><subfield code='a'>PZ1.W165</subfield><subfield code='b'>Fam</subfield></datafield><datafield ind1='1' ind2=' ' tag='100'><subfield code='a'>Walpole, Hugh,</subfield><subfield code='d'>1884-1941</subfield><subfield code='e'>ed.</subfield></datafield><datafield ind1='0' ind2='0' tag='245'><subfield code='a'>Famous stories of five centuries /</subfield><subfield code='c'>selected and arranged by Hugh Walpole and Wilfred Partington; introduction by Hugh Walpole.</subfield></datafield><datafield ind1=' ' ind2=' ' tag='260'><subfield code='a'>New York :</subfield><subfield code='b'>Farrar &amp; Rinehart, incorporated,</subfield><subfield code='c'>1934.</subfield></datafield><datafield ind1=' ' ind2=' ' tag='300'><subfield code='a'>1021 p., 1 l.</subfield><subfield code='b'>incl. front., 1 illus. (music) plates.</subfield><subfield code='c'>21 cm.</subfield></datafield><datafield ind1=' ' ind2=' ' tag='340'><subfield code='p'>illustration.</subfield><subfield code='2'>rdaill</subfield></datafield><datafield ind1=' ' ind2=' ' tag='340'><subfield code='p'>plate</subfield><subfield code='p'>music</subfield><subfield code='p'>frontispiece.</subfield></datafield><datafield ind1='0' ind2=' ' tag='505'><subfield code='a'>Why the clever Oxford scholar lost his supper / Anonymous -- Vicar of Wakefield and his son at the fair / Oliver Goldsmith -- Uses of Cooley&apos;s boy / Max Adeler -- Father who became a schoolboy and vice versa / F. Anstey -- &quot;Mother cross&quot; row at Shrewsbury school / Samuel Butler -- Ransom of Red Chief / O. Henry -- White leader of the mustangs / Thomas Mayne Reid -- Rugby as the game was first played at rugby / Thomas Hughes -- Kangaroo hunt / Henry Kingsley -- Oxford versus Cambridge on the river / Charles Reade -- Cashel Byron enters Mr. Skene&apos;s school of arms / George Bernard Shaw -- Young hunters become the hunted / Francis Bret Harte -- John Pike catches the whopper in Crocker&apos;s Hole / R.D. Blackmore -- Old boys&apos; cricket match / E.W. Hornung -- Dickie Sludge and the magic blacksmith / Sir Walter Scott -- David Copperfield fights the Canterbury &quot;lamb&quot; / Charles Dickens -- John Ridd&apos;s affair in the &quot;Ironing-box&quot; / R.D. Blackmore -- Why Regie and Polly stopped their parcel post / J.H. Ewing -- Tom Sawyer and Co.surprise their home town / Mark Twain.</subfield></datafield><datafield ind1='0' ind2=' ' tag='505'><subfield code='a'>Feast of the guinea-pigs and tadpoles at St. Dominic&apos;s / Talbot Baines Reed -- Old Jug-dodge has an unexpected visitor / Talbot Baines Reed -- Westminster school in London street battle / G.A. Henty -- Defoe goes voyaging in a paper boat / Daniel Defoe -- What befell Rory and Strap on their way to London / Tobias Smollett -- Wherein Handy Andy is too handy / Samuel Lover -- Amyas Leigh is lured westward ho! / Charles Kingsley -- Chemist&apos;s son begins life&apos;s romance / Charles Lever -- Heron&apos;s deal, and the consequences to his puppy / Irving Bacheller -- From cabin-boy to captain / John Galt -- Candid confessions of Midshipman Chamier / Frederick Chamier -- Phantom ship steered by a dead man&apos;s hand / Matthew Henry Barker -- Ordeals of a clever young stowaway / Capt. Mayne Reid -- Master Rockafellar sees some queer sights / William Clark Russell -- Captain goes mad; and Frank Brown finds his manhood / Frank Bullen -- Famous author tells how he got a black eye / Joseph Conrad -- Miss Melford tells of the departed glories of Bath / Tobias Smollett -- London apprentices in the days of James I / Sir Walter Scott.</subfield></datafield><datafield ind1='0' ind2=' ' tag='505'><subfield code='a'>How Dotheboys Hall School was broken up / Charles Dickens -- Charles O&apos;Malley&apos;s duel / Charles Lever -- Frank Fairleigh sees the Macintosh Wonder and rides Mad Bess / Francis Smedley -- Undergraduates dinner; and how he was uplifted -- to bed / Rev. E. Bradley -- John Hallifax and his friend visit a forbidden place / Dinah Maria Craik -- Charles Tudor&apos;s examination for the &quot;Infernal Navigation&quot; Dept. / Anthony Trollope -- Going to school in the days of the stage coach / Thomas Huges -- &quot;Hero&quot; becomes too heroic / Benjamin Disraeli -- On the trail of the Pathfinder and his companions / Fenimore Cooper -- Her wicked uncle&apos;s plot / J.S. Le Fanu -- Archie Morton&apos;s search among the rocky mountains / W.H.G. Kingston -- Jim Hawkins sees the black spot put on Captain Bones / R.L. Stevenson -- Bushrangers&apos; secret of Terrible Hollow / Rolf Boldrewood -- Jeremy and the runaways / Hugh Walpole -- Little Nell joins Mrs. Jarley&apos;s waxwork show / Charles Dickens -- Rev. Mr. Brocklehurst&apos;s warning against Jane Eyre / Charlotte Bronte.</subfield></datafield><datafield ind1='0' ind2=' ' tag='505'><subfield code='a'>How Becky Sharp left Miss Pinkerton&apos;s academy / W.M. Thackeray -- Isopel Berner&apos;s way with bad employers / George Borrow -- Topsy -- who &quot;never was born&quot; / Harriet Beecher Stowe -- Sylvia buys her first cloak and sees the press-gang / Mrs. Gaskell -- Phillis goes for an early walk, and makes discoveries / Besant and Rice -- Pomona&apos;s penny dreadful, and how she came to write it / Frank Stockton -- News that Parson Tringham told Tess&apos;s father / Thomas Hardy -- Unfortunate lovers / Sir Philip Sidney -- George a&apos;Green&apos;s exploits at school and after / Anonymous -- Evelina&apos;s adventure at the dancing assembly / Fanny Burney -- Arthur Pendennis falls in love with the Fotheringay / W.M. Thackeray -- Wayside idyll of Gerard and Margaret / Charles Reade -- Photograph in the wastepaper-basket / Eden Phillipotts -- Canterbury pilgrim&apos;s tale of the knight and his daughter / Geoffrey Chaucer -- Jack Easy&apos;s arguments with the farmers and their uneasy sequels / Capt. Marryat -- Concerning a jam-puff and a rough-and-tumble / George Eliot -- Horseman in the sky / Ambrose Bierce -- Charge! / Stephen Crane -- Carl Ericson stands up for his unorthodox professor / Sinclair Lewis -- &quot;Cunning shift&quot; of that rogue-Jack Wilton / Thomas Nash -- Some early scrapes of Tom Jones / Henry Fielding -- Haunted house adventure, and the sequel / Washington Irving -- Uncle Harry tries to entertain Helen&apos;s babies / John Habberton.</subfield></datafield><datafield ind1='0' ind2=' ' tag='505'><subfield code='a'>Huckleberry Finn joins Tom Sawyer&apos;s gang / Mark Twain -- Uncle Toby and the le fevers / Laurence Sterne -- Strange things that almost happen / Nathaniel Hawthorne -- What happened to the gifts that propitiate a spirit / Harriet Martineau -- Happy failure / Herman Melville -- How Santa Claus came to Simpson&apos;s bar / Francis Bret Harte -- Tale that inspired a Shakespeare tale / Robert Greene -- Conjuring trick revealed to Sandford and Merton / Thomas Day -- Lady Jane Grey in the tower of London / W. Harris Aisnworth -- That fearful bag / Charles Lever -- Fetching a May Queen in merry England / W. Harrison Ainsworth -- Adventure with the Hudson Bay Fur Company / R.M. Ballantyne -- Churchyard interview and a secret for sale / W. Harrison Ainsworth -- Marti Rattler and Barney the cook in an enchanting land / R.M. Ballantyne -- Zo brings down the house / Wilkie Collins -- Under the shadow of the sword / David Ker.</subfield></datafield><datafield ind1=' ' ind2='0' tag='650'><subfield code='a'>Fiction</subfield><subfield code='v'>Collections</subfield></datafield><datafield ind1=' ' ind2='7' tag='655'><subfield code='a'>Collections</subfield><subfield code='2'>fast</subfield></datafield><datafield ind1='1' ind2=' ' tag='700'><subfield code='a'>Partington, Wilfred,</subfield><subfield code='d'>1888-1955</subfield></datafield><datafield ind1='1' ind2=' ' tag='583'><subfield code='a'>committed to retain</subfield><subfield code='c'>20181001</subfield><subfield code='d'>in perpetuity</subfield><subfield code='f'>ReCAP Shared Collection</subfield><subfield code='5'>HUL</subfield><subfield code='8'>221893441760003941</subfield></datafield><datafield ind1=' ' ind2='0' tag='966'><subfield code='8'>0</subfield><subfield code='a'>Copy B</subfield><subfield code='8'>221893441760003941</subfield></datafield><datafield ind1='7' ind2=' ' tag='852'><subfield code='2'>ZHCL</subfield><subfield code='c'>RD</subfield><subfield code='h'>11443.102.2</subfield><subfield code='0'>14381807</subfield><subfield code='b'>scsbhl</subfield></datafield><datafield ind1=' ' ind2=' ' tag='876'><subfield code='0'>14381807</subfield><subfield code='a'>20709590</subfield><subfield code='h'> </subfield><subfield code='j'>Available</subfield><subfield code='k'>WID</subfield><subfield code='p'>32044090297201</subfield><subfield code='x'>Shared</subfield><subfield code='z'>HV</subfield><subfield code='l'>RECAP</subfield></datafield></record>