
<record><leader>03756nam a2200421 a 4500</leader><controlfield tag='001'>SCSB-3173064</controlfield><controlfield tag='003'>NNC</controlfield><controlfield tag='005'>20220608181946.0</controlfield><controlfield tag='008'>940111s1994    mdua     b    001 0aeng  </controlfield><controlfield tag='009'>1527555</controlfield><datafield ind1=' ' ind2=' ' tag='010'><subfield code='a'>   94002077 </subfield></datafield><datafield ind1=' ' ind2=' ' tag='020'><subfield code='a'>0801847915</subfield></datafield><datafield ind1=' ' ind2=' ' tag='035'><subfield code='a'>(OCoLC)238914269</subfield></datafield><datafield ind1=' ' ind2=' ' tag='035'><subfield code='a'>(OCoLC)ocn238914269</subfield></datafield><datafield ind1=' ' ind2=' ' tag='035'><subfield code='9'>AJZ1563CU</subfield></datafield><datafield ind1=' ' ind2=' ' tag='035'><subfield code='a'>(NNC)1527555</subfield></datafield><datafield ind1=' ' ind2=' ' tag='035'><subfield code='a'>1527555</subfield></datafield><datafield ind1=' ' ind2=' ' tag='040'><subfield code='a'>DLC</subfield><subfield code='c'>DLC</subfield><subfield code='d'>DLC</subfield><subfield code='d'>NNC</subfield></datafield><datafield ind1=' ' ind2=' ' tag='043'><subfield code='a'>n-us---</subfield></datafield><datafield ind1='0' ind2='0' tag='050'><subfield code='a'>PS3525.E43</subfield><subfield code='b'>Z475 1994</subfield></datafield><datafield ind1='0' ind2='0' tag='082'><subfield code='a'>818/.5209</subfield><subfield code='a'>B</subfield><subfield code='2'>20</subfield></datafield><datafield ind1='1' ind2=' ' tag='100'><subfield code='a'>Mencken, H. L.</subfield><subfield code='q'>(Henry Louis),</subfield><subfield code='d'>1880-1956.</subfield><subfield code='0'>http://id.loc.gov/authorities/names/n80036702</subfield></datafield><datafield ind1='1' ind2='0' tag='245'><subfield code='a'>Thirty-five years of newspaper work /</subfield><subfield code='c'>a memoir by H.L. Mencken ; edited by Fred Hobson, Vincent Fitzpatrick, [and] Bradford Jacobs.</subfield></datafield><datafield ind1=' ' ind2=' ' tag='260'><subfield code='a'>Baltimore, MD :</subfield><subfield code='b'>Johns Hopkins University Press,</subfield><subfield code='c'>1994.</subfield></datafield><datafield ind1=' ' ind2=' ' tag='300'><subfield code='a'>xxxvi, 390 pages :</subfield><subfield code='b'>illustrations ;</subfield><subfield code='c'>24 cm</subfield></datafield><datafield ind1=' ' ind2=' ' tag='336'><subfield code='a'>text</subfield><subfield code='b'>txt</subfield><subfield code='2'>rdacontent</subfield></datafield><datafield ind1=' ' ind2=' ' tag='337'><subfield code='a'>unmediated</subfield><subfield code='b'>n</subfield><subfield code='2'>rdamedia</subfield></datafield><datafield ind1=' ' ind2=' ' tag='504'><subfield code='a'>Includes bibliographical references and index.</subfield></datafield><datafield ind1='0' ind2=' ' tag='505'><subfield code='a'>1. Young Editor Out of a Job, 1906-1910 -- 2. Prime Minister Without Portfolio, 1910-1914 -- 3. Minority of One, 1914-1919 -- 4. My Ex-Best Girl Has Designs on You, 1919-1920 -- 5. Fruits of Versailles, 1920-1922 -- 6. That Man in Baltimore, 1922-1924 -- 7. Make Tennessee Forever Infamous, 1925 -- 8. Grand Tour of the South, 1925-1926 -- 9. The Knavish Dishonesty of Politicians, 1928 -- 10. No Desire to Be Admired by Morons, 1929-1931 -- 11. Prohibition Was on the Rocks, 1932-1934 -- 12. Battle in the Grand Manner, 1934 -- 13. Snake Charmers, 1933-1937 -- 14. A Chapter Had Ended, 1937-1939 -- 15. Leaving the Stage, 1939-1941 -- Appendix A. An Editorial Memorandum (1919) -- Appendix B. Gridiron Club Speech, December 8, 1934.</subfield></datafield><datafield ind1=' ' ind2=' ' tag='520'><subfield code='a'>In January 1991 the Enoch Pratt Free Library opened the sealed manuscript of H. L. Mencken&apos;s &quot;Thirty-five Years of Newspaper Work.&quot; Written in 1941-42 and bequeathed to the library under time-lock upon Mencken&apos;s death in 1956, it is among the very last of his papers opened to the public. Thirty-five Years of Newspaper Work, a one-volume abridgement of Mencken&apos;s much longer memoir, vividly pictures the excitement of newspaper life in the heyday of print journalism.</subfield></datafield><datafield ind1='8' ind2=' ' tag='520'><subfield code='a'>Here Mencken colorfully recalls his years - mostly with the Baltimore Evening Sun - as a reporter and a writer of editorials that always caused a stir among the public and uproars of indignation among his enemies. The volume includes important new material on his coverage of presidential candidates from 1912 to 1940 (Mencken on Harding&apos;s inaugural address: &quot;a string of wet sponges&quot;) and the 1925 trial of the man he called the &quot;infidel Scopes.&quot; Mencken also describes his brief stint as a war correspondent on Germany&apos;s subzero Eastern Front in 1917 and the perilous voyage back, which took him through Havana just as a revolution was breaking out. (He stayed to cover it.) He writes, with curious detachment, about the &quot;inevitable&quot; war and likely fate of Germany&apos;s Jews during a final visit to his ancestral homeland in summer 1938.</subfield></datafield><datafield ind1='1' ind2='0' tag='600'><subfield code='a'>Mencken, H. L.</subfield><subfield code='q'>(Henry Louis),</subfield><subfield code='d'>1880-1956</subfield><subfield code='x'>Knowledge and learning.</subfield></datafield><datafield ind1=' ' ind2='0' tag='650'><subfield code='a'>Communication.</subfield><subfield code='0'>http://id.loc.gov/authorities/subjects/sh85029027</subfield></datafield><datafield ind1=' ' ind2='0' tag='650'><subfield code='a'>Authors, American</subfield><subfield code='y'>20th century</subfield><subfield code='v'>Biography.</subfield><subfield code='0'>http://id.loc.gov/authorities/subjects/sh2007100576</subfield></datafield><datafield ind1=' ' ind2='0' tag='650'><subfield code='a'>Journalists</subfield><subfield code='z'>United States</subfield><subfield code='v'>Biography.</subfield><subfield code='0'>http://id.loc.gov/authorities/subjects/sh2008106101</subfield></datafield><datafield ind1='1' ind2=' ' tag='700'><subfield code='a'>Hobson, Fred,</subfield><subfield code='d'>1943-</subfield><subfield code='0'>http://id.loc.gov/authorities/names/n81040814</subfield></datafield><datafield ind1='1' ind2=' ' tag='700'><subfield code='a'>Fitzpatrick, Vincent.</subfield><subfield code='0'>http://id.loc.gov/authorities/names/n88011465</subfield></datafield><datafield ind1='1' ind2=' ' tag='700'><subfield code='a'>Jacobs, Bradford.</subfield><subfield code='0'>http://id.loc.gov/authorities/names/n83314700</subfield></datafield><datafield ind1='0' ind2='0' tag='852'><subfield code='h'>PS3525.E43 Z475 1994</subfield><subfield code='0'>3156267</subfield><subfield code='b'>scsbcul</subfield></datafield><datafield ind1=' ' ind2=' ' tag='876'><subfield code='0'>3156267</subfield><subfield code='a'>4835837</subfield><subfield code='h'> </subfield><subfield code='j'>Available</subfield><subfield code='p'>CU72363410</subfield><subfield code='t'>1</subfield><subfield code='x'>Shared</subfield><subfield code='z'>CU</subfield><subfield code='l'>RECAP</subfield></datafield></record>