
<record><leader>04098nam a2200457 a 4500</leader><controlfield tag='001'>SCSB-3130977</controlfield><controlfield tag='003'>NNC</controlfield><controlfield tag='005'>20220602040154.0</controlfield><controlfield tag='008'>930615t19941994txuab    b    001 0deng  </controlfield><controlfield tag='009'>1448718</controlfield><datafield ind1=' ' ind2=' ' tag='010'><subfield code='a'>   93011556 </subfield></datafield><datafield ind1=' ' ind2=' ' tag='020'><subfield code='a'>0890965617 (alk. paper)</subfield></datafield><datafield ind1=' ' ind2=' ' tag='035'><subfield code='a'>(OCoLC)28377666</subfield></datafield><datafield ind1=' ' ind2=' ' tag='035'><subfield code='a'>(OCoLC)ocm28377666</subfield></datafield><datafield ind1=' ' ind2=' ' tag='035'><subfield code='9'>AHW9447CU</subfield></datafield><datafield ind1=' ' ind2=' ' tag='035'><subfield code='a'>(NNC)1448718</subfield></datafield><datafield ind1=' ' ind2=' ' tag='035'><subfield code='a'>1448718</subfield></datafield><datafield ind1=' ' ind2=' ' tag='040'><subfield code='a'>DLC</subfield><subfield code='c'>DLC</subfield><subfield code='d'>DLC</subfield></datafield><datafield ind1=' ' ind2=' ' tag='043'><subfield code='a'>n-us-tx</subfield></datafield><datafield ind1='0' ind2='0' tag='050'><subfield code='a'>TA217.F7</subfield><subfield code='b'>F74 1994</subfield></datafield><datafield ind1='0' ind2='0' tag='082'><subfield code='a'>338.7/62/0009764</subfield><subfield code='2'>20</subfield></datafield><datafield ind1='1' ind2=' ' tag='100'><subfield code='a'>Freese, Simon W.,</subfield><subfield code='d'>1900-</subfield><subfield code='0'>http://id.loc.gov/authorities/names/n93056718</subfield></datafield><datafield ind1='1' ind2='2' tag='245'><subfield code='a'>A century in the works :</subfield><subfield code='b'>Freese and Nichols consulting engineers, 1894-1994 /</subfield><subfield code='c'>Simon W. Freese and Deborah Lightfoot Sizemore.</subfield></datafield><datafield ind1=' ' ind2=' ' tag='250'><subfield code='a'>1st ed.</subfield></datafield><datafield ind1=' ' ind2=' ' tag='260'><subfield code='a'>College Station :</subfield><subfield code='b'>Texas A&amp;M University Press,</subfield><subfield code='c'>[1994], ©1994.</subfield></datafield><datafield ind1=' ' ind2=' ' tag='300'><subfield code='a'>xix, 435 pages :</subfield><subfield code='b'>illustrations, map ;</subfield><subfield code='c'>24 cm</subfield></datafield><datafield ind1=' ' ind2=' ' tag='336'><subfield code='a'>text</subfield><subfield code='2'>rdacontent</subfield></datafield><datafield ind1=' ' ind2=' ' tag='337'><subfield code='a'>unmediated</subfield><subfield code='2'>rdamedia</subfield></datafield><datafield ind1=' ' ind2=' ' tag='338'><subfield code='a'>volume</subfield><subfield code='2'>rdacarrier</subfield></datafield><datafield ind1=' ' ind2=' ' tag='504'><subfield code='a'>Includes bibliographical references (p. 399-420) and index.</subfield></datafield><datafield ind1='0' ind2=' ' tag='505'><subfield code='a'>Introduction: Germs, Engineers, and Public Health: The Battle against Waterborne Disease -- 1. John B. Hawley, Engineer-Scientist -- 2. White Rock and Lake Worth -- 3. The Water Supply of Saint-Nazaire, France -- 4. Hawley &amp; Sands -- 5. Hawley &amp; Freese -- 6. Lakes Bridgeport and Eagle Mountain -- 7. Hawley, Freese &amp; Nichols -- 8. The Corpus Christi Dam Break -- 9. The Chicago Lake-Lowering Controversy -- 10. A National Emergency -- 11. Back from the Depression -- 12. Building for Victory -- 13. Disarming the German War Machine -- 14. Water for West Texans -- 15. A Thankless Job -- 16. A Texas-wide Water Plan -- 17. People, Plants, and &apos;Pikes -- 18. Making Lakes -- 19. Marvin C. Nichols, 1896-1969 -- 20. Designs of the Seventies -- 21. Freese and Nichols, Inc. -- 22. Richland, Stacy, and Between -- 23. Simon W. Freese, 1900-90 -- 24. The Second Century.</subfield></datafield><datafield ind1=' ' ind2=' ' tag='520'><subfield code='a'>In November of 1891, at the age of twenty-five, John MacDonald Blackstock Hawley arrived in Fort Worth, Texas. A civil engineer from Minnesota, Hawley &quot;hung out his shingle&quot; in 1894 and began a tradition of engineering in Texas that his successors in the firm of Freese and Nichols have continued for one hundred years.</subfield></datafield><datafield ind1='8' ind2=' ' tag='520'><subfield code='a'>This history of Freese and Nichols focuses on the firm&apos;s contributions, design innovations, and &quot;firsts&quot; in water supply, water treatment, and wastewater engineering; transportation design for roads, bridges, and airports; city and regional planning; environmental science; and general civil and environmental engineering.</subfield></datafield><datafield ind1='8' ind2=' ' tag='520'><subfield code='a'>A personal as well as professional account, A Century in the Works offers anecdotes about John Hawley&apos;s battle-ax punch and eccentric scientific experiments, Simon Freese&apos;s penchant for practical jokes, and Marvin Nichols&apos;s &quot;water fights&quot; and genealogical shakeups of his family tree.</subfield></datafield><datafield ind1='8' ind2=' ' tag='520'><subfield code='a'>The Freese and Nichols story will interest urban and environmental historians, professional engineers, and those working in related fields of hydraulic engineering, municipal and industrial water and sanitary systems, water quality, dam safety, waste management, transportation systems, aviation facilities, and urban development.</subfield></datafield><datafield ind1='8' ind2=' ' tag='520'><subfield code='a'>The student of Texas history will find much of interest here as well. In many ways, the history of Freese and Nichols parallels that of the state for the past one hundred years. The firm has had a pivotal role in developing Texas water resources since Hawley arrived in the state. And it will be the rare Texas reader who has never gone boating or picnicking at one of the over a hundred Texas lakes engineered by the firm in the intervening century.</subfield></datafield><datafield ind1='2' ind2='0' tag='610'><subfield code='a'>Freese and Nichols, Inc.</subfield><subfield code='0'>http://id.loc.gov/authorities/names/n83209403</subfield></datafield><datafield ind1=' ' ind2='0' tag='650'><subfield code='a'>Engineering firms</subfield><subfield code='z'>Texas</subfield><subfield code='x'>History.</subfield></datafield><datafield ind1=' ' ind2='0' tag='650'><subfield code='a'>Hydraulic engineers</subfield><subfield code='z'>Texas</subfield><subfield code='v'>Biography.</subfield></datafield><datafield ind1=' ' ind2='0' tag='650'><subfield code='a'>Civil engineering</subfield><subfield code='z'>Texas</subfield><subfield code='x'>History.</subfield></datafield><datafield ind1='1' ind2=' ' tag='700'><subfield code='a'>Sizemore, Deborah Lightfoot.</subfield><subfield code='0'>http://id.loc.gov/authorities/names/n87136947</subfield></datafield><datafield ind1=' ' ind2=' ' tag='901'><subfield code='a'>ff2c67c3-9581-4e5e-ab05-f587eb99a579</subfield><subfield code='b'>29</subfield><subfield code='c'>false</subfield></datafield><datafield ind1='0' ind2='0' tag='852'><subfield code='h'>TA217.F7 F74 1994</subfield><subfield code='0'>3112810</subfield><subfield code='b'>scsbcul</subfield></datafield><datafield ind1=' ' ind2=' ' tag='876'><subfield code='0'>3112810</subfield><subfield code='a'>4784440</subfield><subfield code='h'> </subfield><subfield code='j'>Available</subfield><subfield code='p'>CU72027673</subfield><subfield code='t'>1</subfield><subfield code='x'>Shared</subfield><subfield code='z'>CU</subfield><subfield code='l'>RECAP</subfield></datafield></record>