
<record><leader>00000cam a2200349Ia 4500</leader><controlfield tag='001'>SCSB-9925857</controlfield><controlfield tag='005'>20090908171801.0</controlfield><controlfield tag='008'>090519s2009    caua     b    000 0 eng d</controlfield><controlfield tag='009'>990120725640203941</controlfield><datafield ind1=' ' ind2=' ' tag='020'><subfield code='a'>9780892369737</subfield></datafield><datafield ind1=' ' ind2=' ' tag='020'><subfield code='a'>0892369736</subfield></datafield><datafield ind1=' ' ind2=' ' tag='035'><subfield code='a'>(OCoLC)326882460</subfield></datafield><datafield ind1=' ' ind2=' ' tag='040'><subfield code='a'>JPG</subfield><subfield code='c'>JPG</subfield><subfield code='d'>BTCTA</subfield><subfield code='d'>BWX</subfield></datafield><datafield ind1=' ' ind2='4' tag='050'><subfield code='a'>NE2054.5 R4</subfield><subfield code='b'>A4 2009</subfield></datafield><datafield ind1=' ' ind2='4' tag='082'><subfield code='a'>759</subfield></datafield><datafield ind1='0' ind2=' ' tag='100'><subfield code='a'>Rembrandt Harmenszoon van Rijn,</subfield><subfield code='d'>1606-1669</subfield></datafield><datafield ind1='0' ind2='0' tag='245'><subfield code='a'>Rembrandt on paper /</subfield><subfield code='c'>Hilary Williams.</subfield></datafield><datafield ind1=' ' ind2=' ' tag='260'><subfield code='a'>Los Angeles :</subfield><subfield code='b'>J. Paul Getty Museum,</subfield><subfield code='c'>2009.</subfield></datafield><datafield ind1=' ' ind2=' ' tag='300'><subfield code='a'>96 p. :</subfield><subfield code='b'>col. ill. ;</subfield><subfield code='c'>20 cm.</subfield></datafield><datafield ind1=' ' ind2=' ' tag='500'><subfield code='a'>&quot;from the rich collections of the J. Paul Getty Museum in Los Angeles and the British Museum in London&quot;--Jacket.</subfield></datafield><datafield ind1=' ' ind2=' ' tag='504'><subfield code='a'>Includes bibliographical references (p. 93).</subfield></datafield><datafield ind1='0' ind2=' ' tag='505'><subfield code='a'>Introduction -- Portraiture -- Scenes from the Bible -- Landscape -- Other Works.</subfield></datafield><datafield ind1=' ' ind2=' ' tag='520'><subfield code='a'>Rembrandt van Rijn (1606-1669), one of the greatest artists in European history, was at the forefront of the Dutch Golden Age. His talent was multifaceted: not only a gifted portrait and landscape painter, he was also an inspired draftsman and printmaker. This gorgeously illustrated book pays tribute to Rembrandt&apos;s marvelous gifts as a graphic artist and offers a unique glimpse into his life and creative processes through fifty drawings from the collections of the J. Paul Getty Museum and the British Museum. Rembrandt&apos;s perceptive understanding of the human condition is evident in portraits of himself and his contemporaries. Beginning with the portraiture, the author examines the artist&apos;s other favorite themes--from mythological subjects to landscapes--and explores the artist&apos;s drawing and printmaking techniques. This book is a perfect introduction to the graphic work of this seventeenth-century master.</subfield></datafield><datafield ind1='0' ind2='0' tag='600'><subfield code='a'>Rembrandt Harmenszoon van Rijn,</subfield><subfield code='d'>1606-1669</subfield><subfield code='v'>Catalogs.</subfield></datafield><datafield ind1='2' ind2='0' tag='610'><subfield code='a'>J. Paul Getty Museum</subfield><subfield code='v'>Catalogs.</subfield></datafield><datafield ind1='2' ind2='0' tag='610'><subfield code='a'>British Museum</subfield><subfield code='v'>Catalogs.</subfield></datafield><datafield ind1='0' ind2='0' tag='600'><subfield code='a'>Rembrandt Harmenszoon van Rijn,</subfield><subfield code='d'>1606-1669</subfield><subfield code='x'>Themes, motives.</subfield></datafield><datafield ind1=' ' ind2='7' tag='655'><subfield code='a'>Catalogs</subfield><subfield code='2'>lcgft</subfield><subfield code='0'>http://id.loc.gov/authorities/genreForms/gf2014026057</subfield><subfield code='0'>(uri) http://id.loc.gov/authorities/genreForms/gf2014026057</subfield></datafield><datafield ind1='1' ind2=' ' tag='700'><subfield code='a'>Williams, Hilary</subfield></datafield><datafield ind1='2' ind2=' ' tag='710'><subfield code='a'>J. Paul Getty Museum</subfield></datafield><datafield ind1='2' ind2=' ' tag='710'><subfield code='a'>British Museum</subfield></datafield><datafield ind1='1' ind2=' ' tag='583'><subfield code='a'>committed to retain</subfield><subfield code='c'>20181001</subfield><subfield code='d'>in perpetuity</subfield><subfield code='f'>ReCAP Shared Collection</subfield><subfield code='5'>HUL</subfield><subfield code='8'>222122237470003941</subfield></datafield><datafield ind1=' ' ind2=' ' tag='901'><subfield code='a'>050ab30a-13a3-4308-8612-0788f9b54524</subfield><subfield code='b'>25</subfield><subfield code='c'>false</subfield></datafield><datafield ind1='0' ind2=' ' tag='852'><subfield code='c'>HD</subfield><subfield code='h'>NE2054.5 R4</subfield><subfield code='i'>A4 2009</subfield><subfield code='0'>10665050</subfield><subfield code='b'>scsbhl</subfield></datafield><datafield ind1=' ' ind2=' ' tag='876'><subfield code='0'>10665050</subfield><subfield code='a'>16354298</subfield><subfield code='h'> </subfield><subfield code='j'>Available</subfield><subfield code='k'>FAL</subfield><subfield code='p'>32044108180068</subfield><subfield code='x'>Shared</subfield><subfield code='z'>FL</subfield><subfield code='l'>HD</subfield></datafield></record>