
<record><leader>00900cam a2200253 a 4500</leader><controlfield tag='001'>SCSB-12055572</controlfield><controlfield tag='005'>20090417005639.0</controlfield><controlfield tag='008'>980914s1999    ctu      bf   001 0 eng  </controlfield><controlfield tag='009'>990081220480203941</controlfield><datafield ind1=' ' ind2=' ' tag='010'><subfield code='a'>^^^98044592^</subfield></datafield><datafield ind1=' ' ind2=' ' tag='020'><subfield code='a'>0313300968 (alk. paper)</subfield></datafield><datafield ind1=' ' ind2=' ' tag='035'><subfield code='a'>(OCoLC)39913520</subfield><subfield code='z'>(OCoLC)1201853337</subfield></datafield><datafield ind1=' ' ind2=' ' tag='040'><subfield code='a'>DLC</subfield><subfield code='c'>DLC</subfield><subfield code='d'>DLC</subfield></datafield><datafield ind1=' ' ind2=' ' tag='043'><subfield code='a'>n-us---</subfield></datafield><datafield ind1='0' ind2='0' tag='050'><subfield code='a'>E741</subfield><subfield code='b'>.M83 1999</subfield></datafield><datafield ind1='0' ind2='0' tag='082'><subfield code='a'>016.9739</subfield><subfield code='2'>21</subfield></datafield><datafield ind1='1' ind2=' ' tag='100'><subfield code='a'>Muccigrosso, Robert</subfield></datafield><datafield ind1='1' ind2='0' tag='245'><subfield code='a'>Term paper resource guide to twentieth-century United States history /</subfield><subfield code='c'>Robert Muccigrosso, Ron Blazek, and Teri Maggio.</subfield></datafield><datafield ind1=' ' ind2=' ' tag='260'><subfield code='a'>Westport, Conn. :</subfield><subfield code='b'>Greenwood Press,</subfield><subfield code='c'>1999.</subfield></datafield><datafield ind1=' ' ind2=' ' tag='300'><subfield code='a'>xv, 310 p. ;</subfield><subfield code='c'>24 cm.</subfield></datafield><datafield ind1=' ' ind2=' ' tag='504'><subfield code='a'>Includes bibliographical references and index.</subfield></datafield><datafield ind1='0' ind2='0' tag='505'><subfield code='g'>1.</subfield><subfield code='t'>Spanish-American War --</subfield><subfield code='g'>2.</subfield><subfield code='t'>Philippine Insurrection --</subfield><subfield code='g'>3.</subfield><subfield code='t'>Boxer Rebellion --</subfield><subfield code='g'>4.</subfield><subfield code='t'>Panama Canal --</subfield><subfield code='g'>5.</subfield><subfield code='t'>Assassination of President McKinley --</subfield><subfield code='g'>6.</subfield><subfield code='t'>Wright Brothers Flight at Kitty Hawk --</subfield><subfield code='g'>7.</subfield><subfield code='t'>Muckraking --</subfield><subfield code='g'>8.</subfield><subfield code='t'>Conservation Movement during the Progressive Era --</subfield><subfield code='g'>9.</subfield><subfield code='t'>Establishment of the National Association for the Advancement of Colored People --</subfield><subfield code='g'>10.</subfield><subfield code='t'>Triangle Shirtwaist Factory Fire --</subfield><subfield code='g'>11.</subfield><subfield code='t'>Presidential Election of 1912 --</subfield><subfield code='g'>12.</subfield><subfield code='t'>Women&apos;s Suffrage --</subfield><subfield code='g'>13.</subfield><subfield code='t'>Progressive Reforms Enacted --</subfield><subfield code='g'>14.</subfield><subfield code='t'>Woodrow Wilson and the Mexican Crisis --</subfield><subfield code='g'>15.</subfield><subfield code='t'>The Armory Show --</subfield><subfield code='g'>16.</subfield><subfield code='t'>Sinking of the Lusitania --</subfield><subfield code='g'>17.</subfield><subfield code='t'>The United States and World War I --</subfield><subfield code='g'>18.</subfield><subfield code='t'>Paris Peace Conference --</subfield><subfield code='g'>19.</subfield><subfield code='t'>The Red Scare --</subfield><subfield code='g'>20.</subfield><subfield code='t'>Prohibition --</subfield><subfield code='g'>21.</subfield><subfield code='t'>Sacco-Vanzetti Trial --</subfield><subfield code='g'>22.</subfield><subfield code='t'>Ford Model T --</subfield><subfield code='g'>23.</subfield><subfield code='t'>Revival of the Ku Klux Klan --</subfield><subfield code='g'>24.</subfield><subfield code='t'>First Radio Broadcasts --</subfield><subfield code='g'>25.</subfield><subfield code='t'>Silent Movies --</subfield><subfield code='g'>26.</subfield><subfield code='t'>Harlem Renaissance --</subfield><subfield code='g'>27.</subfield><subfield code='t'>Scopes Trial --</subfield><subfield code='g'>28.</subfield><subfield code='t'>Charles A. Lindbergh, Jr.&apos;s Transatlantic Flight.</subfield></datafield><datafield ind1='1' ind2=' ' tag='520'><subfield code='a'>&quot;Students will write more effective term papers with this guide to 500 term paper ideas and thousands of print and nonprint sources on twentieth-century U.S. history. This guide presents entries on 100 of the most important events and developments in twentieth-century U.S. history organized in chronological order, from the Spanish-American War to the creation of NAFTA.</subfield></datafield><datafield ind1='8' ind2=' ' tag='520'><subfield code='a'>Each entry consists of a short description of the event, followed by five specific suggestions for term papers about the event, and a wide-ranging annotated bibliography of 15-35 books, articles, videos, and a web site appropriate for student research. In every case the emphasis is on recent and up-to-date material, as well as landmark works and primary sources.</subfield></datafield><datafield ind1='8' ind2=' ' tag='520'><subfield code='a'>This unique guide is valuable not only to students, but to teachers and librarians who guide students in research, and is an excellent purchasing guide for librarians who serve student needs.&quot;--Jacket.</subfield></datafield><datafield ind1=' ' ind2='0' tag='650'><subfield code='a'>Report writing</subfield><subfield code='v'>Handbooks, manuals, etc.</subfield></datafield><datafield ind1=' ' ind2='0' tag='651'><subfield code='a'>United States</subfield><subfield code='x'>History</subfield><subfield code='y'>20th century</subfield><subfield code='x'>Chronology.</subfield></datafield><datafield ind1=' ' ind2='0' tag='651'><subfield code='a'>United States</subfield><subfield code='x'>History</subfield><subfield code='y'>20th century</subfield><subfield code='v'>Bibliography.</subfield></datafield><datafield ind1=' ' ind2='7' tag='655'><subfield code='a'>Bibliographies</subfield><subfield code='2'>fast</subfield></datafield><datafield ind1=' ' ind2='7' tag='655'><subfield code='a'>Chronologies</subfield><subfield code='2'>fast</subfield></datafield><datafield ind1=' ' ind2='7' tag='655'><subfield code='a'>Handbooks and manuals</subfield><subfield code='2'>fast</subfield></datafield><datafield ind1=' ' ind2='7' tag='655'><subfield code='a'>History</subfield><subfield code='2'>fast</subfield></datafield><datafield ind1=' ' ind2='7' tag='648'><subfield code='a'>1900-1999</subfield><subfield code='2'>fast</subfield></datafield><datafield ind1='1' ind2=' ' tag='700'><subfield code='a'>Blazek, Ron</subfield></datafield><datafield ind1='1' ind2=' ' tag='700'><subfield code='a'>Maggio, Teri</subfield></datafield><datafield ind1='0' ind2='8' tag='776'><subfield code='i'>Online version:</subfield><subfield code='a'>Muccigrosso, Robert.</subfield><subfield code='t'>Term paper resource guide to twentieth-century United States history.</subfield><subfield code='d'>Westport, Conn. : Greenwood Press, 1999</subfield><subfield code='w'>(OCoLC)607166052</subfield></datafield><datafield ind1='1' ind2=' ' tag='583'><subfield code='a'>committed to retain</subfield><subfield code='c'>20181001</subfield><subfield code='d'>in perpetuity</subfield><subfield code='f'>ReCAP Shared Collection</subfield><subfield code='5'>HUL</subfield><subfield code='8'>222043741410003941</subfield></datafield><datafield ind1='0' ind2=' ' tag='852'><subfield code='c'>HD</subfield><subfield code='h'>E741</subfield><subfield code='i'>.M83 1999</subfield><subfield code='0'>12882500</subfield><subfield code='b'>scsbhl</subfield></datafield><datafield ind1=' ' ind2=' ' tag='876'><subfield code='0'>12882500</subfield><subfield code='a'>18676837</subfield><subfield code='h'> </subfield><subfield code='j'>Available</subfield><subfield code='k'>WID</subfield><subfield code='p'>32044121715304</subfield><subfield code='x'>Shared</subfield><subfield code='z'>HW</subfield><subfield code='l'>HD</subfield></datafield><datafield ind1=' ' ind2=' ' tag='876'><subfield code='0'>12882500</subfield><subfield code='a'>18676838</subfield><subfield code='h'> </subfield><subfield code='j'>Available</subfield><subfield code='k'>WID</subfield><subfield code='p'>32044105910889</subfield><subfield code='x'>Shared</subfield><subfield code='z'>HW</subfield><subfield code='l'>HD</subfield></datafield></record>