
<record><leader>04725cam a2200613Ii 4500</leader><controlfield tag='001'>SCSB-14390459</controlfield><controlfield tag='003'>NNC</controlfield><controlfield tag='005'>20240626201007.0</controlfield><controlfield tag='008'>221213e202111uuck a          000 0 spa d</controlfield><controlfield tag='009'>17038988</controlfield><datafield ind1=' ' ind2=' ' tag='020'><subfield code='a'>9789584919632</subfield></datafield><datafield ind1=' ' ind2=' ' tag='020'><subfield code='a'>9584919636</subfield></datafield><datafield ind1=' ' ind2=' ' tag='035'><subfield code='a'>(OCoLC)on1341359357</subfield></datafield><datafield ind1=' ' ind2=' ' tag='035'><subfield code='a'>(OCoLC)1341359357</subfield></datafield><datafield ind1=' ' ind2=' ' tag='035'><subfield code='a'>17038988</subfield></datafield><datafield ind1=' ' ind2=' ' tag='040'><subfield code='a'>IXA</subfield><subfield code='b'>eng</subfield><subfield code='e'>rda</subfield><subfield code='c'>IXA</subfield><subfield code='d'>OCLCF</subfield></datafield><datafield ind1='0' ind2=' ' tag='041'><subfield code='a'>spa</subfield><subfield code='a'>eng</subfield></datafield><datafield ind1=' ' ind2=' ' tag='043'><subfield code='a'>s-ck---</subfield></datafield><datafield ind1=' ' ind2=' ' tag='049'><subfield code='a'>ZCUA</subfield></datafield><datafield ind1=' ' ind2='4' tag='050'><subfield code='a'>F2279</subfield><subfield code='b'>.R575 2021</subfield></datafield><datafield ind1='1' ind2=' ' tag='100'><subfield code='a'>Ríos Escobar, Federico,</subfield><subfield code='e'>photographer.</subfield><subfield code='4'>http://id.loc.gov/vocabulary/relators/pht</subfield><subfield code='0'>http://id.loc.gov/authorities/names/no2022061354</subfield></datafield><datafield ind1='1' ind2='0' tag='245'><subfield code='a'>Verde /</subfield><subfield code='c'>Federico Ríos Escobar.</subfield></datafield><datafield ind1=' ' ind2=' ' tag='250'><subfield code='a'>Tercera edición.</subfield></datafield><datafield ind1=' ' ind2='1' tag='264'><subfield code='a'>Manizales :</subfield><subfield code='b'>Raya Editorial,</subfield><subfield code='c'>noviembre 2021.</subfield></datafield><datafield ind1=' ' ind2=' ' tag='300'><subfield code='a'>1 volume (unpaged) :</subfield><subfield code='b'>chiefly color illustrations ;</subfield><subfield code='c'>23 cm</subfield></datafield><datafield ind1=' ' ind2=' ' tag='336'><subfield code='a'>still image</subfield><subfield code='b'>sti</subfield><subfield code='2'>rdacontent</subfield></datafield><datafield ind1=' ' ind2=' ' tag='336'><subfield code='a'>text</subfield><subfield code='b'>txt</subfield><subfield code='2'>rdacontent</subfield></datafield><datafield ind1=' ' ind2=' ' tag='337'><subfield code='a'>unmediated</subfield><subfield code='b'>n</subfield><subfield code='2'>rdamedia</subfield></datafield><datafield ind1=' ' ind2=' ' tag='338'><subfield code='a'>volume</subfield><subfield code='b'>nc</subfield><subfield code='2'>rdacarrier</subfield></datafield><datafield ind1=' ' ind2=' ' tag='500'><subfield code='a'>&quot;Verde is an extraordinary book of photographs of the insurgents of Colombia&apos;s Revolutionary Armed Forces of Colombia (FARC) as they experienced their last two years as a Marxist-Leninist guerrilla insurgency (2015-16) and their first two years as demobilized ex-combatants starting to build new lives for themselves (2017-18). Published by force of will and strength of social networks, notably the Instagram account of its author, photojournalist Federico Rios Escobar (@historiassencillas), the book&apos;s crowdsourced existence defies sophisticated structures of muting critical voices and suppressing critical visions. As one of the premiere freelancers in northern South America, a preferred stringer for the New York Times, and a brand ambassador for Sony, Rios Escobar is better positioned than most to swim against the current of image/imagination management in Colombia, though certainly not immune from receiving his share of accusatory blowback and rejection.&quot;--University of California Press website (viewed on January 24, 2022)</subfield></datafield><datafield ind1='8' ind2=' ' tag='520'><subfield code='a'>&quot;Verde is an extraordinary book of photographs of the insurgents of Colombia&apos;s Revolutionary Armed Forces of Colombia (FARC) as they experienced their last two years as a Marxist-Leninist guerrilla insurgency (2015-16) and their first two years as demobilized ex-combatants starting to build new lives for themselves (2017-18). Published by force of will and strength of social networks, notably the Instagram account of its author, photojournalist Federico Rios Escobar (@historiassencillas), the book&apos;s crowdsourced existence defies sophisticated structures of muting critical voices and suppressing critical visions. As one of the premiere freelancers in northern South America, a preferred stringer for the New York Times, and a brand ambassador for Sony, Rios Escobar is better positioned than most to swim against the current of image/imagination management in Colombia, though certainly not immune from receiving his share of accusatory blowback and rejection.&quot;--University of California Press website (viewed on January 24, 2022).</subfield></datafield><datafield ind1=' ' ind2=' ' tag='546'><subfield code='a'>Spanish and English.</subfield></datafield><datafield ind1=' ' ind2=' ' tag='500'><subfield code='a'>Book jacket consists of a map, presumably of the regions described in the photographs; with photograph captions on the verso of the map.</subfield></datafield><datafield ind1=' ' ind2=' ' tag='500'><subfield code='a'>Edition of 500.</subfield></datafield><datafield ind1='2' ind2='0' tag='610'><subfield code='a'>Fuerzas Armadas Revolucionarias de Colombia</subfield><subfield code='x'>History</subfield><subfield code='v'>Pictorial works.</subfield></datafield><datafield ind1=' ' ind2='0' tag='650'><subfield code='a'>Counterinsurgency</subfield><subfield code='z'>Colombia</subfield><subfield code='v'>Pictorial works.</subfield></datafield><datafield ind1=' ' ind2='0' tag='651'><subfield code='a'>Colombia</subfield><subfield code='x'>Politics and government</subfield><subfield code='y'>21st century</subfield><subfield code='v'>Pictorial works.</subfield></datafield><datafield ind1='1' ind2='0' tag='600'><subfield code='a'>Ríos Escobar, Federico.</subfield><subfield code='0'>http://id.loc.gov/authorities/names/no2022061354</subfield></datafield><datafield ind1=' ' ind2='0' tag='650'><subfield code='a'>Photography, Artistic.</subfield><subfield code='0'>http://id.loc.gov/authorities/subjects/sh85101269</subfield></datafield><datafield ind1='2' ind2='7' tag='610'><subfield code='a'>Fuerzas Armadas Revolucionarias de Colombia.</subfield><subfield code='2'>fast</subfield><subfield code='0'>(OCoLC)fst00602667</subfield></datafield><datafield ind1=' ' ind2='7' tag='650'><subfield code='a'>Counterinsurgency.</subfield><subfield code='2'>fast</subfield><subfield code='0'>(OCoLC)fst00881325</subfield></datafield><datafield ind1=' ' ind2='7' tag='650'><subfield code='a'>Photography, Artistic.</subfield><subfield code='2'>fast</subfield><subfield code='0'>(OCoLC)fst01061964</subfield></datafield><datafield ind1=' ' ind2='7' tag='650'><subfield code='a'>Politics and government.</subfield><subfield code='2'>fast</subfield><subfield code='0'>(OCoLC)fst01919741</subfield></datafield><datafield ind1=' ' ind2='7' tag='651'><subfield code='a'>Colombia.</subfield><subfield code='2'>fast</subfield><subfield code='0'>(OCoLC)fst01205916</subfield></datafield><datafield ind1=' ' ind2='7' tag='648'><subfield code='a'>2000-2099</subfield><subfield code='2'>fast</subfield></datafield><datafield ind1=' ' ind2='7' tag='655'><subfield code='a'>History.</subfield><subfield code='2'>fast</subfield><subfield code='0'>(OCoLC)fst01411628</subfield></datafield><datafield ind1=' ' ind2='7' tag='655'><subfield code='a'>Photobooks.</subfield><subfield code='2'>fast</subfield><subfield code='0'>(OCoLC)fst01919950</subfield></datafield><datafield ind1=' ' ind2='7' tag='655'><subfield code='a'>Pictorial works.</subfield><subfield code='2'>fast</subfield><subfield code='0'>(OCoLC)fst01423874</subfield></datafield><datafield ind1=' ' ind2='7' tag='655'><subfield code='a'>Photobooks.</subfield><subfield code='2'>lcgft</subfield><subfield code='0'>http://id.loc.gov/authorities/genreForms/gf2014026144</subfield></datafield><datafield ind1=' ' ind2='7' tag='655'><subfield code='a'>Photobooks.</subfield><subfield code='2'>fast</subfield></datafield><datafield ind1=' ' ind2='7' tag='655'><subfield code='a'>Pictorial works.</subfield><subfield code='2'>lcgft</subfield></datafield><datafield ind1=' ' ind2='7' tag='655'><subfield code='a'>Limitation statements (Publishing)</subfield><subfield code='2'>rbpub</subfield></datafield><datafield ind1='1' ind2=' ' tag='700'><subfield code='a'>Gaviria, Alejandro,</subfield><subfield code='d'>1966-</subfield><subfield code='e'>writer of added commentary.</subfield><subfield code='4'>http://id.loc.gov/vocabulary/relators/wac</subfield><subfield code='0'>http://id.loc.gov/authorities/names/n2003096238</subfield></datafield><datafield ind1=' ' ind2=' ' tag='901'><subfield code='a'>29311510-38a8-4159-aad4-fa3a210593da</subfield><subfield code='b'>17</subfield><subfield code='c'>false</subfield></datafield><datafield ind1='0' ind2='0' tag='852'><subfield code='h'>F2279 .R575 2021g</subfield><subfield code='0'>15347663</subfield><subfield code='b'>scsbcul</subfield></datafield><datafield ind1=' ' ind2=' ' tag='876'><subfield code='0'>15347663</subfield><subfield code='a'>21893892</subfield><subfield code='h'>In Library Use</subfield><subfield code='j'>Available</subfield><subfield code='p'>AR02901439</subfield><subfield code='t'>1</subfield><subfield code='x'>Shared</subfield><subfield code='z'>AR</subfield><subfield code='l'>RECAP</subfield></datafield></record>