
<record><leader>01457cam a2200385 a 4500</leader><controlfield tag='001'>SCSB-5450887</controlfield><controlfield tag='003'>NNC</controlfield><controlfield tag='005'>20221205194910.0</controlfield><controlfield tag='008'>090126s2008    it a          000 0 ita d</controlfield><controlfield tag='009'>6998803</controlfield><datafield ind1=' ' ind2=' ' tag='020'><subfield code='a'>883874632X :</subfield><subfield code='c'>28.00 EUR.</subfield></datafield><datafield ind1=' ' ind2=' ' tag='035'><subfield code='a'>(OCoLC)287994397</subfield></datafield><datafield ind1=' ' ind2=' ' tag='035'><subfield code='a'>(OCoLC)ocn287994397</subfield></datafield><datafield ind1=' ' ind2=' ' tag='035'><subfield code='a'>(NNC)6998803</subfield></datafield><datafield ind1=' ' ind2=' ' tag='035'><subfield code='a'>6998803</subfield></datafield><datafield ind1=' ' ind2=' ' tag='040'><subfield code='a'>ItFiC</subfield><subfield code='b'>eng</subfield><subfield code='c'>ItFiC</subfield></datafield><datafield ind1=' ' ind2=' ' tag='045'><subfield code='a'>x4x-</subfield></datafield><datafield ind1=' ' ind2='4' tag='050'><subfield code='a'>SB463.5</subfield><subfield code='b'>.V47 2008</subfield></datafield><datafield ind1='1' ind2='4' tag='082'><subfield code='a'>712</subfield><subfield code='2'>21</subfield></datafield><datafield ind1='0' ind2='0' tag='245'><subfield code='a'>Verde :</subfield><subfield code='b'>naturalizzare in verticale /</subfield><subfield code='c'>a cura di Valeria Tatano.</subfield></datafield><datafield ind1=' ' ind2=' ' tag='260'><subfield code='a'>Santarcangelo di Romagna (Rimini) :</subfield><subfield code='b'>Maggioli,</subfield><subfield code='c'>2008.</subfield></datafield><datafield ind1=' ' ind2=' ' tag='300'><subfield code='a'>229 pages :</subfield><subfield code='b'>illustrations (chiefly color) ;</subfield><subfield code='c'>22 cm.</subfield></datafield><datafield ind1=' ' ind2=' ' tag='336'><subfield code='a'>text</subfield><subfield code='b'>txt</subfield><subfield code='2'>rdacontent</subfield></datafield><datafield ind1=' ' ind2=' ' tag='337'><subfield code='a'>unmediated</subfield><subfield code='b'>n</subfield><subfield code='2'>rdamedia</subfield></datafield><datafield ind1='1' ind2=' ' tag='490'><subfield code='a'>Environscapes ;</subfield><subfield code='v'>3</subfield></datafield><datafield ind1=' ' ind2=' ' tag='500'><subfield code='a'>Collected essays.</subfield></datafield><datafield ind1=' ' ind2=' ' tag='500'><subfield code='a'>Number of series appears on spine.</subfield></datafield><datafield ind1=' ' ind2=' ' tag='504'><subfield code='a'>Includes bibliographical references.</subfield></datafield><datafield ind1=' ' ind2='0' tag='650'><subfield code='a'>Vertical gardening.</subfield><subfield code='0'>http://id.loc.gov/authorities/subjects/sh88000756</subfield></datafield><datafield ind1=' ' ind2='0' tag='650'><subfield code='a'>Urban landscape architecture.</subfield><subfield code='0'>http://id.loc.gov/authorities/subjects/sh95003397</subfield></datafield><datafield ind1='1' ind2=' ' tag='700'><subfield code='a'>Tatano, Valeria.</subfield><subfield code='0'>http://id.loc.gov/authorities/names/no99036583</subfield></datafield><datafield ind1=' ' ind2='0' tag='830'><subfield code='a'>Environscapes ;</subfield><subfield code='v'>3.</subfield><subfield code='0'>http://id.loc.gov/authorities/names/no2011082761</subfield></datafield><datafield ind1='0' ind2='0' tag='852'><subfield code='h'>SB463.5 .V47 2008g</subfield><subfield code='0'>5442495</subfield><subfield code='b'>scsbcul</subfield></datafield><datafield ind1=' ' ind2=' ' tag='876'><subfield code='0'>5442495</subfield><subfield code='a'>8085272</subfield><subfield code='h'>In Library Use</subfield><subfield code='j'>Available</subfield><subfield code='p'>AR00749915</subfield><subfield code='t'>1</subfield><subfield code='x'>Shared</subfield><subfield code='z'>AR</subfield><subfield code='l'>RECAP</subfield></datafield></record>