
<record><leader>01217cam a2200361 a 4500</leader><controlfield tag='001'>SCSB-6724171</controlfield><controlfield tag='003'>OCoLC</controlfield><controlfield tag='005'>20130403145731.0</controlfield><controlfield tag='008'>110825s2011    ck            000 0 spa c</controlfield><controlfield tag='009'>.b196066864</controlfield><datafield ind1='7' ind2=' ' tag='016'><subfield code='a'>015806763</subfield><subfield code='2'>Uk</subfield></datafield><datafield ind1=' ' ind2=' ' tag='020'><subfield code='a'>9789587570564 (hbk.)</subfield></datafield><datafield ind1=' ' ind2=' ' tag='020'><subfield code='a'>9587570561 (hbk.)</subfield></datafield><datafield ind1=' ' ind2=' ' tag='020'><subfield code='a'>9789587570489 (pbk.)</subfield></datafield><datafield ind1=' ' ind2=' ' tag='020'><subfield code='a'>9587570480 (pbk.)</subfield></datafield><datafield ind1=' ' ind2=' ' tag='040'><subfield code='a'>MNU</subfield><subfield code='c'>MNU</subfield><subfield code='d'>UKMGB</subfield><subfield code='d'>STF</subfield><subfield code='d'>PIT</subfield><subfield code='d'>NYP</subfield></datafield><datafield ind1=' ' ind2=' ' tag='042'><subfield code='a'>pcc</subfield></datafield><datafield ind1=' ' ind2=' ' tag='049'><subfield code='a'>NYPP</subfield></datafield><datafield ind1=' ' ind2='4' tag='050'><subfield code='a'>HD9678.E59</subfield><subfield code='b'>C77 2011</subfield></datafield><datafield ind1='1' ind2=' ' tag='100'><subfield code='a'>Téllez, Pedro Claver,</subfield><subfield code='d'>1941-</subfield></datafield><datafield ind1='1' ind2='0' tag='245'><subfield code='a'>Verde :</subfield><subfield code='b'>la historia secreta de la guerra entre los esmeralderos /</subfield><subfield code='c'>Pedro Claver Téllez.</subfield></datafield><datafield ind1=' ' ind2=' ' tag='250'><subfield code='a'>[Nueva ed., corr., aum. y actualizada].</subfield></datafield><datafield ind1=' ' ind2=' ' tag='260'><subfield code='a'>Bogotá :</subfield><subfield code='b'>Intermedio,</subfield><subfield code='c'>2011.</subfield></datafield><datafield ind1=' ' ind2=' ' tag='300'><subfield code='a'>226 p. ;</subfield><subfield code='c'>24 cm.</subfield></datafield><datafield ind1=' ' ind2=' ' tag='500'><subfield code='a'>Originally appeared under title: La guerra verde, in 1993.</subfield></datafield><datafield ind1=' ' ind2='0' tag='650'><subfield code='a'>Emerald industry</subfield><subfield code='z'>Colombia</subfield><subfield code='x'>History.</subfield></datafield><datafield ind1=' ' ind2='0' tag='650'><subfield code='a'>Vendetta</subfield><subfield code='z'>Colombia.</subfield></datafield><datafield ind1=' ' ind2='0' tag='650'><subfield code='a'>Vendetta</subfield><subfield code='z'>Japan.</subfield></datafield><datafield ind1=' ' ind2='0' tag='650'><subfield code='a'>Organized crime</subfield><subfield code='z'>Colombia.</subfield></datafield><datafield ind1=' ' ind2=' ' tag='907'><subfield code='a'>.b196066864</subfield><subfield code='c'>m</subfield><subfield code='d'>a</subfield><subfield code='e'>-</subfield><subfield code='f'>spa</subfield><subfield code='g'>ck</subfield><subfield code='h'>0</subfield><subfield code='i'>1</subfield></datafield><datafield ind1=' ' ind2=' ' tag='035'><subfield code='a'>(OCoLC)747837241</subfield></datafield><datafield ind1='8' ind2=' ' tag='852'><subfield code='h'>ReCAP 13-13305</subfield><subfield code='0'>6805961</subfield><subfield code='b'>scsbnypl</subfield></datafield><datafield ind1=' ' ind2=' ' tag='876'><subfield code='0'>6805961</subfield><subfield code='a'>10964286</subfield><subfield code='j'>Available</subfield><subfield code='p'>33433108376207</subfield><subfield code='t'>1</subfield><subfield code='x'>Shared</subfield><subfield code='z'>NA</subfield><subfield code='l'>RECAP</subfield></datafield></record>