
<record><leader>00000cam a2200313 a 4500</leader><controlfield tag='001'>SCSB-11938264</controlfield><controlfield tag='005'>20110915145826.0</controlfield><controlfield tag='008'>101218s2010    ag       b    000 0 spa c</controlfield><controlfield tag='009'>990127675210203941</controlfield><datafield ind1=' ' ind2=' ' tag='035'><subfield code='a'>(MH)012767521HVD01-Aleph</subfield></datafield><datafield ind1=' ' ind2=' ' tag='020'><subfield code='a'>9789500205726</subfield></datafield><datafield ind1=' ' ind2=' ' tag='020'><subfield code='a'>9500205726</subfield></datafield><datafield ind1=' ' ind2=' ' tag='035'><subfield code='a'>(OCoLC)693811260</subfield></datafield><datafield ind1=' ' ind2=' ' tag='040'><subfield code='a'>BTCTA</subfield><subfield code='b'>eng</subfield><subfield code='c'>BTCTA</subfield><subfield code='d'>YDXCP</subfield><subfield code='d'>MNU</subfield></datafield><datafield ind1=' ' ind2=' ' tag='042'><subfield code='a'>pcc</subfield></datafield><datafield ind1=' ' ind2=' ' tag='043'><subfield code='a'>s-ag---</subfield></datafield><datafield ind1=' ' ind2='4' tag='050'><subfield code='a'>F2849.3</subfield><subfield code='b'>.P4 2010</subfield></datafield><datafield ind1='0' ind2='0' tag='245'><subfield code='a'>Pensando un país /</subfield><subfield code='c'>Roberto Lavagna, [editor] ; Federico Mirré ... [et al.]</subfield></datafield><datafield ind1=' ' ind2=' ' tag='250'><subfield code='a'>1. ed.</subfield></datafield><datafield ind1=' ' ind2=' ' tag='260'><subfield code='a'>Buenos Aires :</subfield><subfield code='b'>Editorial El Ateneo,</subfield><subfield code='c'>2010.</subfield></datafield><datafield ind1=' ' ind2=' ' tag='300'><subfield code='a'>414 p. ;</subfield><subfield code='c'>23 cm.</subfield></datafield><datafield ind1=' ' ind2=' ' tag='504'><subfield code='a'>Includes bibliographical references.</subfield></datafield><datafield ind1='0' ind2=' ' tag='505'><subfield code='a'>Bases para construir un país mejor / Roberto Lavagna -- 2010, el nuevo mundo : la acción diplomática argentina / Federico Mirré -- Las relaciones entre la Argentina y América latina / Mario Scholz -- La pobreza en la Argentina / Eduardo Amadeo -- En busca de la escuela perdida / Alieto Aldo Guadagni -- Cambios en salud / Emilio Boggiano -- En busca de un rumbo perdido : La necesidad de un marco macroeconómico favorable al crecimiento / Instituto de Economía Aplicada y Sociedad (IDEAS) -- Las PyMES en la Argentina / Federico Poli -- Estrategia de desarrollo productivo / Hugo O. Settembrino -- La realidad del campo y su potencial / Javier González Fraga -- La energía, pilar productivo / Gustavo Bianchi -- Desafío tecnológico y futuro / Mario Mariscotti -- Desafíos ambientales / Soledad Aguilar -- La administración de la defensa nacional / Santiago Díaz Ortiz, Hebe Gazzotti y Roberto Senini -- Política y comunicación / Carlos Campolongo.</subfield></datafield><datafield ind1=' ' ind2='0' tag='651'><subfield code='a'>Argentina</subfield><subfield code='y'>21st century.</subfield></datafield><datafield ind1='1' ind2=' ' tag='700'><subfield code='a'>Lavagna, Roberto.</subfield></datafield><datafield ind1='1' ind2=' ' tag='583'><subfield code='a'>committed to retain</subfield><subfield code='c'>20181001</subfield><subfield code='d'>in perpetuity</subfield><subfield code='f'>ReCAP Shared Collection</subfield><subfield code='5'>HUL</subfield><subfield code='8'>222135382370003941</subfield></datafield><datafield ind1='0' ind2=' ' tag='852'><subfield code='c'>HD</subfield><subfield code='h'>F2849.3</subfield><subfield code='i'>.P4 2010</subfield><subfield code='8'>222135382370003941</subfield><subfield code='0'>12761860</subfield><subfield code='b'>scsbhl</subfield></datafield><datafield ind1=' ' ind2=' ' tag='876'><subfield code='0'>12761860</subfield><subfield code='a'>18551379</subfield><subfield code='j'>Available</subfield><subfield code='k'>WID</subfield><subfield code='p'>32044121084875</subfield><subfield code='x'>Shared</subfield><subfield code='z'>HW</subfield><subfield code='l'>HD</subfield></datafield></record>