
<record><leader>01557cam a2200337 a 4500</leader><controlfield tag='001'>SCSB-12271644</controlfield><controlfield tag='005'>20220519172704.0</controlfield><controlfield tag='008'>880318s1967    af acdh  b    001 0 perrd</controlfield><controlfield tag='009'>990022856630203941</controlfield><datafield ind1=' ' ind2=' ' tag='010'><subfield code='a'>   77938096 </subfield></datafield><datafield ind1=' ' ind2=' ' tag='035'><subfield code='a'>(OCoLC)17647041</subfield><subfield code='z'>(OCoLC)51460614</subfield></datafield><datafield ind1=' ' ind2=' ' tag='040'><subfield code='a'>IXA</subfield><subfield code='b'>eng</subfield><subfield code='c'>IXA</subfield><subfield code='d'>DLC</subfield><subfield code='d'>OCLCG</subfield><subfield code='d'>OCLCF</subfield><subfield code='d'>OCLCO</subfield><subfield code='d'>OCLCQ</subfield></datafield><datafield ind1='0' ind2=' ' tag='041'><subfield code='a'>per</subfield><subfield code='a'>tur</subfield></datafield><datafield ind1=' ' ind2='4' tag='050'><subfield code='a'>PL314.A386</subfield><subfield code='b'>Z85 1967</subfield></datafield><datafield ind1='1' ind2=' ' tag='100'><subfield code='a'>Jūzjānī, Muḥammad Yaʻqūb Vāḥidī</subfield></datafield><datafield ind1='1' ind2='0' tag='245'><subfield code='a'>Amīr ʻAlī Shīr Navāʼī &quot;Fānī&quot; :</subfield><subfield code='b'>mushtamil bar sharḥ-i zindigānī, ās̲ār-i ʻumrānī, muʼallifāt va nimūnah-ʼi naẓm va nas̲r-i Ū /</subfield><subfield code='c'>bi-kūshish-i Muḥammad Yaʻqūb Vāḥidī Jawzjānī.</subfield></datafield><datafield ind1=' ' ind2=' ' tag='260'><subfield code='a'>Kābul :</subfield><subfield code='b'>Anjuman-i Tārīkh,</subfield><subfield code='c'>1967.</subfield></datafield><datafield ind1=' ' ind2=' ' tag='300'><subfield code='a'>3, 178 pages :</subfield><subfield code='b'>illustrations, charts, facsimiles, portrait ;</subfield><subfield code='c'>26 cm</subfield></datafield><datafield ind1=' ' ind2=' ' tag='336'><subfield code='a'>text</subfield><subfield code='b'>txt</subfield><subfield code='2'>rdacontent</subfield></datafield><datafield ind1=' ' ind2=' ' tag='337'><subfield code='a'>unmediated</subfield><subfield code='b'>n</subfield><subfield code='2'>rdamedia</subfield></datafield><datafield ind1=' ' ind2=' ' tag='338'><subfield code='a'>volume</subfield><subfield code='b'>nc</subfield><subfield code='2'>rdacarrier</subfield></datafield><datafield ind1=' ' ind2=' ' tag='504'><subfield code='a'>Includes bibliographical references (pages 156-163) and index.</subfield></datafield><datafield ind1=' ' ind2=' ' tag='546'><subfield code='a'>Text in Persian and Turkish.</subfield></datafield><datafield ind1=' ' ind2=' ' tag='500'><subfield code='a'>Cover title.</subfield></datafield><datafield ind1=' ' ind2=' ' tag='500'><subfield code='a'>&quot;Bi-munāsibat-i panjsad va bīst va panjumīn sāl-i vilādat-i Niz̤ām al-Dīn Amīr ʻAlī Shīr Navāʼī.&quot;</subfield></datafield><datafield ind1='0' ind2='0' tag='600'><subfield code='a'>Alisher Navoiĭ,</subfield><subfield code='d'>1441-1501</subfield><subfield code='x'>Criticism and interpretation.</subfield></datafield><datafield ind1='0' ind2='7' tag='600'><subfield code='a'>Alisher Navoiĭ,</subfield><subfield code='d'>1441-1501</subfield><subfield code='2'>fast</subfield><subfield code='0'>(OCoLC)fst00154918</subfield></datafield><datafield ind1=' ' ind2='7' tag='655'><subfield code='a'>Criticism, interpretation, etc.</subfield><subfield code='2'>fast</subfield><subfield code='0'>(OCoLC)fst01411635</subfield></datafield><datafield ind1=' ' ind2=' ' tag='752'><subfield code='a'>Afghanistan $dd Kabul.</subfield></datafield><datafield ind1='1' ind2=' ' tag='583'><subfield code='a'>committed to retain</subfield><subfield code='c'>20181001</subfield><subfield code='d'>in perpetuity</subfield><subfield code='f'>ReCAP Shared Collection</subfield><subfield code='5'>HUL</subfield><subfield code='8'>221843118990003941</subfield></datafield><datafield ind1='0' ind2=' ' tag='852'><subfield code='c'>HD</subfield><subfield code='h'>PL314.A386</subfield><subfield code='i'>Z85 1967</subfield><subfield code='0'>13104895</subfield><subfield code='b'>scsbhl</subfield></datafield><datafield ind1=' ' ind2=' ' tag='876'><subfield code='0'>13104895</subfield><subfield code='a'>18907159</subfield><subfield code='h'> </subfield><subfield code='j'>Available</subfield><subfield code='k'>WID</subfield><subfield code='p'>HW8FX0</subfield><subfield code='x'>Shared</subfield><subfield code='z'>HW</subfield><subfield code='l'>HD</subfield></datafield></record>