
<record><leader>00863cam a2200229   4500</leader><controlfield tag='001'>SCSB-6779906</controlfield><controlfield tag='005'>20000629173926.0</controlfield><controlfield tag='008'>800429s1961    pk a          00| p|urd|d</controlfield><controlfield tag='009'>.b106416029</controlfield><datafield ind1=' ' ind2=' ' tag='040'><subfield code='a'>NN</subfield><subfield code='c'>NN</subfield><subfield code='d'>WaOLN</subfield></datafield><datafield ind1='0' ind2=' ' tag='041'><subfield code='a'>urd</subfield><subfield code='a'>und</subfield></datafield><datafield ind1='0' ind2=' ' tag='100'><subfield code='a'>ʻAlī Shīr Qāniʻ Tattavī,</subfield><subfield code='c'>Mīr,</subfield><subfield code='d'>1727 or 8-1788 or 9.</subfield></datafield><datafield ind1='1' ind2='0' tag='245'><subfield code='a'>Ma̲snavīyat va qaṣāyid-i Mīr ʻAlī shīr Qāniʻ Tatavī,</subfield><subfield code='b'>bi-muqaddamah-ʼi Ḥusām al-Dīn Rāshidī.</subfield></datafield><datafield ind1=' ' ind2=' ' tag='260'><subfield code='a'>Kirāchī,</subfield><subfield code='b'>Sindhi Adabi Būrd</subfield><subfield code='c'>[1961]</subfield></datafield><datafield ind1=' ' ind2=' ' tag='300'><subfield code='a'>236 p.</subfield><subfield code='b'>ill., geneal. tables.</subfield><subfield code='c'>23 cm.</subfield></datafield><datafield ind1=' ' ind2=' ' tag='500'><subfield code='a'>Introd. in Urdu; poetry in Persian.</subfield></datafield><datafield ind1='1' ind2=' ' tag='700'><subfield code='a'>Rāshidī, Sayyidu Ḥusammuddīnu.</subfield></datafield><datafield ind1=' ' ind2=' ' tag='907'><subfield code='a'>.b106416029</subfield><subfield code='c'>m</subfield><subfield code='d'>a</subfield><subfield code='e'>-</subfield><subfield code='f'>urd</subfield><subfield code='g'>pk</subfield><subfield code='h'>0</subfield><subfield code='i'>1</subfield></datafield><datafield ind1='8' ind2=' ' tag='852'><subfield code='h'>*OMO 80-882</subfield><subfield code='0'>6862544</subfield><subfield code='b'>scsbnypl</subfield></datafield><datafield ind1=' ' ind2=' ' tag='876'><subfield code='0'>6862544</subfield><subfield code='a'>11051464</subfield><subfield code='j'>Available</subfield><subfield code='p'>33433013018498</subfield><subfield code='t'>1</subfield><subfield code='x'>Shared</subfield><subfield code='z'>NA</subfield><subfield code='l'>RECAP</subfield></datafield></record>