
<record><leader>00000cam a2200337 a 4500</leader><controlfield tag='001'>SCSB-11871674</controlfield><controlfield tag='005'>20121031155140.0</controlfield><controlfield tag='008'>120503s2012    af            000 p per  </controlfield><controlfield tag='009'>990133973770203941</controlfield><datafield ind1=' ' ind2=' ' tag='010'><subfield code='a'>^^2011329871</subfield></datafield><datafield ind1=' ' ind2=' ' tag='035'><subfield code='a'>(OCoLC)815829604</subfield></datafield><datafield ind1=' ' ind2=' ' tag='037'><subfield code='b'>Library of Congress -- Islamabad Overseas Office</subfield><subfield code='c'>Rs 650.00</subfield></datafield><datafield ind1=' ' ind2=' ' tag='040'><subfield code='a'>DLC</subfield><subfield code='c'>DLC</subfield></datafield><datafield ind1=' ' ind2=' ' tag='042'><subfield code='a'>lcode</subfield></datafield><datafield ind1='0' ind2='0' tag='050'><subfield code='a'>MLCSN 2012/01573 (P)</subfield></datafield><datafield ind1=' ' ind2=' ' tag='066'><subfield code='c'>(3</subfield><subfield code='c'>(4</subfield></datafield><datafield ind1='0' ind2=' ' tag='100'><subfield code='6'>880-01</subfield><subfield code='a'>Loiq,</subfield><subfield code='d'>1941-</subfield></datafield><datafield ind1='0' ind2=' ' tag='880'><subfield code='6'>100-01/</subfield><subfield code='a'>لايق شير على.</subfield></datafield><datafield ind1='1' ind2='0' tag='240'><subfield code='a'>Poems.</subfield><subfield code='k'>Selections</subfield></datafield><datafield ind1='1' ind2='0' tag='245'><subfield code='6'>880-02</subfield><subfield code='a'>Lāyiq Shīr ʻAlī :</subfield><subfield code='b'>sarāyishgar-i dard-i millat /</subfield><subfield code='c'>bih kūshish-i Shams al-Ḥaq Āryānʹfar.</subfield></datafield><datafield ind1='1' ind2='0' tag='880'><subfield code='6'>245-02/</subfield><subfield code='a'>لايق شير على :</subfield><subfield code='b'>سرايشگر درد ملت /</subfield><subfield code='c'>به کوشش، شمس الحق آريان‌فر.</subfield></datafield><datafield ind1=' ' ind2=' ' tag='250'><subfield code='6'>880-03</subfield><subfield code='a'>Chāp-i 1.</subfield></datafield><datafield ind1=' ' ind2=' ' tag='880'><subfield code='6'>250-03/</subfield><subfield code='a'>چاپ 1.</subfield></datafield><datafield ind1=' ' ind2=' ' tag='260'><subfield code='6'>880-04</subfield><subfield code='a'>Kābul, Afghānistān :</subfield><subfield code='b'>Bungāh-i Intishārāt-i Mayvand,</subfield><subfield code='c'>2012.</subfield></datafield><datafield ind1=' ' ind2=' ' tag='880'><subfield code='6'>260-04/</subfield><subfield code='a'>کابل، افغانستان :</subfield><subfield code='b'>بنگاه انتشارات ميوند،</subfield><subfield code='c'>2012.</subfield></datafield><datafield ind1=' ' ind2=' ' tag='300'><subfield code='a'>95 p. ;</subfield><subfield code='c'>22 cm.</subfield></datafield><datafield ind1=' ' ind2=' ' tag='500'><subfield code='a'>Poems.</subfield></datafield><datafield ind1=' ' ind2=' ' tag='546'><subfield code='a'>In Persian.</subfield></datafield><datafield ind1='1' ind2=' ' tag='700'><subfield code='6'>880-05</subfield><subfield code='a'>Āryānfar, Shams al-Ḥaq</subfield></datafield><datafield ind1='1' ind2=' ' tag='880'><subfield code='6'>700-05/</subfield><subfield code='a'>آريانفر، شمس الحق.</subfield></datafield><datafield ind1=' ' ind2=' ' tag='752'><subfield code='a'>Afghanistan</subfield><subfield code='d'>Kabul.</subfield></datafield><datafield ind1='1' ind2=' ' tag='583'><subfield code='a'>committed to retain</subfield><subfield code='c'>20181001</subfield><subfield code='d'>in perpetuity</subfield><subfield code='f'>ReCAP Shared Collection</subfield><subfield code='5'>HUL</subfield><subfield code='8'>222153030210003941</subfield></datafield><datafield ind1='0' ind2=' ' tag='852'><subfield code='c'>HD</subfield><subfield code='h'>MLCSN 2012/01573 (P)</subfield><subfield code='0'>12693211</subfield><subfield code='b'>scsbhl</subfield></datafield><datafield ind1=' ' ind2=' ' tag='876'><subfield code='0'>12693211</subfield><subfield code='a'>18480074</subfield><subfield code='h'> </subfield><subfield code='j'>Available</subfield><subfield code='k'>WID</subfield><subfield code='p'>32044122314263</subfield><subfield code='x'>Shared</subfield><subfield code='z'>HW</subfield><subfield code='l'>HD</subfield></datafield></record>