
<record><leader>00758cam a2200265 i 4500</leader><controlfield tag='001'>SCSB-2295996</controlfield><controlfield tag='003'>NNC</controlfield><controlfield tag='005'>20220518214954.0</controlfield><controlfield tag='008'>840312s1981    le            000 0 araod</controlfield><controlfield tag='009'>209724</controlfield><datafield ind1=' ' ind2=' ' tag='035'><subfield code='a'>(OCoLC)17141312</subfield></datafield><datafield ind1=' ' ind2=' ' tag='035'><subfield code='a'>(OCoLC)ocm17141312</subfield></datafield><datafield ind1=' ' ind2=' ' tag='035'><subfield code='a'>(CStRLIN)NYCG84-B15128</subfield></datafield><datafield ind1=' ' ind2=' ' tag='035'><subfield code='9'>AAY1519CU</subfield></datafield><datafield ind1=' ' ind2=' ' tag='035'><subfield code='a'>(NNC)209724</subfield></datafield><datafield ind1=' ' ind2=' ' tag='035'><subfield code='a'>209724</subfield></datafield><datafield ind1=' ' ind2=' ' tag='040'><subfield code='a'>MiU</subfield><subfield code='c'>MiU</subfield><subfield code='d'>NNC</subfield></datafield><datafield ind1=' ' ind2=' ' tag='090'><subfield code='a'>PJ7824.A88</subfield><subfield code='b'>G4 1981</subfield></datafield><datafield ind1='1' ind2=' ' tag='100'><subfield code='a'>Fūdah, ʻAlī.</subfield><subfield code='0'>http://id.loc.gov/authorities/names/nr93009585</subfield></datafield><datafield ind1='1' ind2='3' tag='245'><subfield code='a'>al-Ghajarī :</subfield><subfield code='b'>shiʻr /</subfield><subfield code='c'>ʻAlī Fawdah.</subfield></datafield><datafield ind1=' ' ind2=' ' tag='260'><subfield code='a'>Bayrūt :</subfield><subfield code='b'>Manshūrāt ʻUwaydat,</subfield><subfield code='c'>1981.</subfield></datafield><datafield ind1=' ' ind2=' ' tag='300'><subfield code='a'>102 pages ;</subfield><subfield code='c'>16 cm</subfield></datafield><datafield ind1=' ' ind2=' ' tag='336'><subfield code='a'>text</subfield><subfield code='2'>rdacontent</subfield></datafield><datafield ind1=' ' ind2=' ' tag='337'><subfield code='a'>unmediated</subfield><subfield code='2'>rdamedia</subfield></datafield><datafield ind1=' ' ind2=' ' tag='338'><subfield code='a'>volume</subfield><subfield code='2'>rdacarrier</subfield></datafield><datafield ind1='0' ind2='0' tag='852'><subfield code='h'>PJ7824.A88 G4 1981</subfield><subfield code='0'>2265867</subfield><subfield code='b'>scsbcul</subfield></datafield><datafield ind1=' ' ind2=' ' tag='876'><subfield code='0'>2265867</subfield><subfield code='a'>3460893</subfield><subfield code='h'> </subfield><subfield code='j'>Available</subfield><subfield code='p'>1000089800</subfield><subfield code='t'>1</subfield><subfield code='x'>Shared</subfield><subfield code='z'>CU</subfield><subfield code='l'>RECAP</subfield></datafield></record>