
<record><leader>00341nam a22001337a 4500</leader><controlfield tag='001'>SCSB-10768775</controlfield><controlfield tag='005'>20020606163548.3</controlfield><controlfield tag='008'>960929s1952    sy           |||||||ara|d</controlfield><controlfield tag='009'>990071882350203941</controlfield><datafield ind1=' ' ind2=' ' tag='035'><subfield code='a'>(OCoLC)82111998</subfield></datafield><datafield ind1='1' ind2=' ' tag='100'><subfield code='a'>Zabīq, ʻAlī.</subfield></datafield><datafield ind1='1' ind2='0' tag='245'><subfield code='a'>Sāmiyā /</subfield><subfield code='c'>[shiʻr] ʻAlī al-Zabīq.</subfield></datafield><datafield ind1=' ' ind2=' ' tag='260'><subfield code='a'>[Aleppo :</subfield><subfield code='b'>Maṭbaʻat al-Ḍād,</subfield><subfield code='c'>1952]</subfield></datafield><datafield ind1=' ' ind2=' ' tag='300'><subfield code='a'>30 p.</subfield></datafield><datafield ind1='1' ind2=' ' tag='583'><subfield code='a'>committed to retain</subfield><subfield code='c'>20181001</subfield><subfield code='d'>in perpetuity</subfield><subfield code='f'>ReCAP Shared Collection</subfield><subfield code='5'>HUL</subfield><subfield code='8'>222002279310003941</subfield></datafield><datafield ind1='7' ind2=' ' tag='852'><subfield code='2'>ZHCL</subfield><subfield code='c'>HD</subfield><subfield code='h'>OL 22456.5</subfield><subfield code='8'>222002279310003941</subfield><subfield code='0'>11557872</subfield><subfield code='b'>scsbhl</subfield></datafield><datafield ind1=' ' ind2=' ' tag='876'><subfield code='0'>11557872</subfield><subfield code='a'>17301167</subfield><subfield code='j'>Available</subfield><subfield code='k'>WID</subfield><subfield code='p'>HNC4L8</subfield><subfield code='x'>Shared</subfield><subfield code='z'>HW</subfield><subfield code='l'>HD</subfield></datafield></record>