
<record><leader>00000nam a2200000 a 4500</leader><controlfield tag='001'>SCSB-11941359</controlfield><controlfield tag='005'>20031218151001.0</controlfield><controlfield tag='008'>031212s2003    le           |||||p|ara|d</controlfield><controlfield tag='009'>990092561650203941</controlfield><datafield ind1=' ' ind2=' ' tag='035'><subfield code='a'>(OCoLC)54495815</subfield></datafield><datafield ind1=' ' ind2='4' tag='050'><subfield code='a'>PJ7832.A715</subfield><subfield code='b'>A39 2003</subfield></datafield><datafield ind1='1' ind2=' ' tag='100'><subfield code='a'>Hāshim, ʻAlī Muḥammad.</subfield></datafield><datafield ind1='1' ind2='0' tag='245'><subfield code='a'>Aḥwāl :</subfield><subfield code='b'>[shiʻr] /</subfield><subfield code='c'>ʻAlī Muḥammad Hāshim.</subfield></datafield><datafield ind1=' ' ind2=' ' tag='260'><subfield code='a'>Bayrūt :</subfield><subfield code='b'>al-Nakhīl,</subfield><subfield code='c'>2003.</subfield></datafield><datafield ind1=' ' ind2=' ' tag='300'><subfield code='a'>154 p. ;</subfield><subfield code='c'>20 cm.</subfield></datafield><datafield ind1=' ' ind2=' ' tag='500'><subfield code='a'>Poems.</subfield></datafield><datafield ind1=' ' ind2='7' tag='655'><subfield code='a'>Poetry</subfield><subfield code='2'>lcgft</subfield><subfield code='0'>http://id.loc.gov/authorities/genreForms/gf2014026481</subfield><subfield code='0'>(uri) http://id.loc.gov/authorities/genreForms/gf2014026481</subfield></datafield><datafield ind1=' ' ind2=' ' tag='752'><subfield code='a'>Lebanon</subfield><subfield code='d'>Beirut.</subfield></datafield><datafield ind1='0' ind2='8' tag='776'><subfield code='i'>Online version:</subfield><subfield code='a'>Hāshim, ʻAlī Muḥammad.</subfield><subfield code='t'>Aḥwāl.</subfield><subfield code='b'>al-Ṭabʻah 1.</subfield><subfield code='d'>Bayrūt, Lubnān : al-Nakhīl, 2003</subfield><subfield code='w'>(OCoLC)654625899</subfield></datafield><datafield ind1='1' ind2=' ' tag='583'><subfield code='a'>committed to retain</subfield><subfield code='c'>20181001</subfield><subfield code='d'>in perpetuity</subfield><subfield code='f'>ReCAP Shared Collection</subfield><subfield code='5'>HUL</subfield><subfield code='8'>222078661230003941</subfield></datafield><datafield ind1='0' ind2=' ' tag='852'><subfield code='c'>HD</subfield><subfield code='h'>PJ7832.A715</subfield><subfield code='i'>A39 2003</subfield><subfield code='0'>12765022</subfield><subfield code='b'>scsbhl</subfield></datafield><datafield ind1=' ' ind2=' ' tag='876'><subfield code='0'>12765022</subfield><subfield code='a'>18554687</subfield><subfield code='h'> </subfield><subfield code='j'>Available</subfield><subfield code='k'>WID</subfield><subfield code='p'>HXK926</subfield><subfield code='x'>Shared</subfield><subfield code='z'>HW</subfield><subfield code='l'>HD</subfield></datafield></record>