
<record><leader>01246cam a2200289   4500</leader><controlfield tag='001'>SCSB-6772977</controlfield><controlfield tag='005'>20000629172352.0</controlfield><controlfield tag='008'>770719m19651968tu a          00| 0|tur| </controlfield><controlfield tag='009'>.b10425886x</controlfield><datafield ind1=' ' ind2=' ' tag='010'><subfield code='a'>ne 68004391</subfield></datafield><datafield ind1=' ' ind2=' ' tag='040'><subfield code='c'>NN</subfield><subfield code='d'>NN</subfield><subfield code='d'>WaOLN</subfield></datafield><datafield ind1='0' ind2=' ' tag='041'><subfield code='a'>tur</subfield><subfield code='a'>und</subfield></datafield><datafield ind1='0' ind2=' ' tag='100'><subfield code='a'>Alisher Navoiĭ,</subfield><subfield code='d'>1441-1501.</subfield></datafield><datafield ind1='1' ind2='0' tag='245'><subfield code='a'>Ali Şir Nevaî</subfield><subfield code='b'>hazırlayan Agâh Sırrı Levend.</subfield></datafield><datafield ind1=' ' ind2=' ' tag='260'><subfield code='a'>Ankara,</subfield><subfield code='b'>Türk Tarih Kurumu Basımevi,</subfield><subfield code='c'>1965-68.</subfield></datafield><datafield ind1=' ' ind2=' ' tag='300'><subfield code='a'>4 v.</subfield><subfield code='b'>plates (part col.)</subfield><subfield code='c'>25 cm.</subfield></datafield><datafield ind1=' ' ind2=' ' tag='490'><subfield code='a'>Türk Dil Kurumu yayınlarından,</subfield><subfield code='v'>sayı 239, 244, 253</subfield></datafield><datafield ind1=' ' ind2=' ' tag='500'><subfield code='a'>Contents. - cilt 1. Hayatı, sanatı, ve kişiliği. - cilt 2. Divanlar; 4 Turkçe, 1 Farsça divan. - cilt 3. Hamse: Hayretü&apos;l-Ebrar, Ferhad ü Şirin, Leylî v Mecnun, Sebʼa-i Seyyar, Sedd-i ̇iskenderî. - cilt 4. Divanlar ile hamse dışındaki eserler.</subfield></datafield><datafield ind1='1' ind2=' ' tag='700'><subfield code='a'>Levend, Agâh Sırrı,</subfield><subfield code='d'>1894-</subfield></datafield><datafield ind1=' ' ind2=' ' tag='907'><subfield code='a'>.b10425886x</subfield><subfield code='c'>m</subfield><subfield code='d'>a</subfield><subfield code='e'>-</subfield><subfield code='f'>tur</subfield><subfield code='g'>tu</subfield><subfield code='h'>0</subfield><subfield code='i'>2</subfield></datafield><datafield ind1=' ' ind2=' ' tag='991'><subfield code='y'>6809297</subfield></datafield><datafield ind1=' ' ind2=' ' tag='035'><subfield code='a'>(OCoLC)6809297</subfield></datafield><datafield ind1=' ' ind2=' ' tag='901'><subfield code='a'>757ed481-38c0-4855-8718-6a4d0318baa4</subfield><subfield code='b'>13</subfield><subfield code='c'>false</subfield></datafield><datafield ind1='8' ind2=' ' tag='852'><subfield code='h'>*OPH 76-2329</subfield><subfield code='0'>6855515</subfield><subfield code='b'>scsbnypl</subfield></datafield><datafield ind1=' ' ind2=' ' tag='866'><subfield code='a'>v. 1-2, v. 3-4</subfield><subfield code='0'>6855515</subfield></datafield><datafield ind1=' ' ind2=' ' tag='876'><subfield code='0'>6855515</subfield><subfield code='3'>v. 1-2</subfield><subfield code='a'>11037863</subfield><subfield code='j'>Available</subfield><subfield code='p'>33433013268119</subfield><subfield code='t'>1</subfield><subfield code='x'>Shared</subfield><subfield code='z'>NA</subfield><subfield code='l'>RECAP</subfield></datafield><datafield ind1=' ' ind2=' ' tag='876'><subfield code='0'>6855515</subfield><subfield code='3'>v. 3-4</subfield><subfield code='a'>11037864</subfield><subfield code='j'>Available</subfield><subfield code='p'>33433013268127</subfield><subfield code='t'>1</subfield><subfield code='x'>Shared</subfield><subfield code='z'>NA</subfield><subfield code='l'>RECAP</subfield></datafield></record>