
<record><leader>01124cam a22002775i 4500</leader><controlfield tag='001'>SCSB-9226125</controlfield><controlfield tag='003'>NNC</controlfield><controlfield tag='005'>20230126170240.0</controlfield><controlfield tag='008'>181015s2018||||tu h|||||b||||||| ||tur||</controlfield><controlfield tag='009'>13564048</controlfield><datafield ind1=' ' ind2=' ' tag='020'><subfield code='a'>9786059503242</subfield></datafield><datafield ind1=' ' ind2=' ' tag='035'><subfield code='a'>(NNC)13564048</subfield></datafield><datafield ind1=' ' ind2=' ' tag='035'><subfield code='a'>13564048</subfield></datafield><datafield ind1=' ' ind2=' ' tag='040'><subfield code='a'>NNC</subfield><subfield code='b'>eng</subfield><subfield code='e'>rda</subfield><subfield code='c'>NNC</subfield></datafield><datafield ind1='0' ind2=' ' tag='100'><subfield code='a'>Alisher Navoiĭ,</subfield><subfield code='d'>1441-1501,</subfield><subfield code='e'>author.</subfield><subfield code='4'>http://id.loc.gov/vocabulary/relators/aut</subfield><subfield code='0'>http://id.loc.gov/authorities/names/n85019117</subfield></datafield><datafield ind1='1' ind2='0' tag='245'><subfield code='a'>Ali Şîr Nevâî ve farsça gazelleri /</subfield><subfield code='c'>Nevâî Ali Şîr ; A. Hilal Kalkandelen.</subfield></datafield><datafield ind1=' ' ind2='1' tag='264'><subfield code='a'>Ankara :</subfield><subfield code='b'>Araştırma Yayınları,</subfield><subfield code='c'>2018.</subfield></datafield><datafield ind1=' ' ind2=' ' tag='300'><subfield code='a'>529 pages :</subfield><subfield code='b'>facsimile ;</subfield><subfield code='c'>21 cm</subfield></datafield><datafield ind1=' ' ind2=' ' tag='336'><subfield code='a'>text</subfield><subfield code='b'>txt</subfield><subfield code='2'>rdacontent</subfield></datafield><datafield ind1=' ' ind2=' ' tag='337'><subfield code='a'>unmediated</subfield><subfield code='b'>n</subfield><subfield code='2'>rdamedia</subfield></datafield><datafield ind1=' ' ind2=' ' tag='338'><subfield code='a'>volume</subfield><subfield code='b'>nc</subfield><subfield code='2'>rdacarrier</subfield></datafield><datafield ind1=' ' ind2=' ' tag='504'><subfield code='a'>Includes bibliographical references.</subfield></datafield><datafield ind1=' ' ind2=' ' tag='546'><subfield code='a'>In Turkish with some Persian; facsimile in Persian.</subfield></datafield><datafield ind1='1' ind2=' ' tag='700'><subfield code='a'>Kalkandelen, Ayşe Hilal,</subfield><subfield code='e'>translator.</subfield><subfield code='4'>http://id.loc.gov/vocabulary/relators/trl</subfield><subfield code='0'>http://id.loc.gov/authorities/names/no2017018378</subfield></datafield><datafield ind1=' ' ind2=' ' tag='901'><subfield code='a'>ba61295f-e02d-45b5-8c1b-5da65babb4f5</subfield><subfield code='b'>17</subfield><subfield code='c'>false</subfield></datafield><datafield ind1='8' ind2='0' tag='852'><subfield code='h'>19JAN 64048</subfield><subfield code='0'>9545530</subfield><subfield code='b'>scsbcul</subfield></datafield><datafield ind1=' ' ind2=' ' tag='876'><subfield code='0'>9545530</subfield><subfield code='a'>15236559</subfield><subfield code='h'> </subfield><subfield code='j'>Available</subfield><subfield code='p'>CU26440393</subfield><subfield code='t'>1</subfield><subfield code='x'>Shared</subfield><subfield code='z'>CU</subfield><subfield code='l'>RECAP</subfield></datafield></record>