
<record><leader>01149cam a2200325Ii 4500</leader><controlfield tag='001'>SCSB-14298567</controlfield><controlfield tag='003'>NNC</controlfield><controlfield tag='005'>20240626010603.0</controlfield><controlfield tag='008'>210825s2021    tu       b    100 0 tur d</controlfield><controlfield tag='009'>15616078</controlfield><datafield ind1=' ' ind2=' ' tag='020'><subfield code='a'>9786059786928</subfield></datafield><datafield ind1=' ' ind2=' ' tag='020'><subfield code='a'>6059786928</subfield></datafield><datafield ind1=' ' ind2=' ' tag='035'><subfield code='a'>(OCoLC)on1322842237</subfield></datafield><datafield ind1=' ' ind2=' ' tag='035'><subfield code='a'>(OCoLC)1322842237</subfield></datafield><datafield ind1=' ' ind2=' ' tag='035'><subfield code='a'>15616078</subfield></datafield><datafield ind1=' ' ind2=' ' tag='040'><subfield code='a'>CGU</subfield><subfield code='b'>eng</subfield><subfield code='e'>rda</subfield><subfield code='c'>CGU</subfield><subfield code='d'>OCLCF</subfield><subfield code='d'>ZCU</subfield></datafield><datafield ind1='0' ind2=' ' tag='041'><subfield code='a'>tur</subfield><subfield code='a'>eng</subfield><subfield code='a'>rus</subfield><subfield code='a'>uzb</subfield></datafield><datafield ind1=' ' ind2=' ' tag='049'><subfield code='a'>ZCUA</subfield></datafield><datafield ind1=' ' ind2='4' tag='050'><subfield code='a'>PL53.9.A44</subfield><subfield code='b'>Z518 2021</subfield></datafield><datafield ind1='0' ind2='0' tag='245'><subfield code='a'>Ali Şîr Nevâî ve eserleri sempozyumu :</subfield><subfield code='b'>bildiriler kitabı /</subfield><subfield code='c'>editör, Bahtiyar Aslan.</subfield></datafield><datafield ind1=' ' ind2='1' tag='264'><subfield code='a'>İstanbul :</subfield><subfield code='b'>Akademik Kitaplar,</subfield><subfield code='c'>2021.</subfield></datafield><datafield ind1=' ' ind2=' ' tag='300'><subfield code='a'>663 pages ;</subfield><subfield code='c'>24 cm</subfield></datafield><datafield ind1=' ' ind2=' ' tag='336'><subfield code='a'>text</subfield><subfield code='b'>txt</subfield><subfield code='2'>rdacontent</subfield></datafield><datafield ind1=' ' ind2=' ' tag='337'><subfield code='a'>unmediated</subfield><subfield code='b'>n</subfield><subfield code='2'>rdamedia</subfield></datafield><datafield ind1=' ' ind2=' ' tag='338'><subfield code='a'>volume</subfield><subfield code='b'>nc</subfield><subfield code='2'>rdacarrier</subfield></datafield><datafield ind1='0' ind2='0' tag='600'><subfield code='a'>Alisher Navoiĭ,</subfield><subfield code='d'>1441-1501</subfield><subfield code='v'>Congresses.</subfield></datafield><datafield ind1='0' ind2='7' tag='600'><subfield code='a'>Alisher Navoiĭ,</subfield><subfield code='d'>1441-1501.</subfield><subfield code='2'>fast</subfield><subfield code='0'>(OCoLC)fst00154918</subfield></datafield><datafield ind1=' ' ind2='7' tag='655'><subfield code='a'>Conference papers and proceedings.</subfield><subfield code='2'>fast</subfield><subfield code='0'>(OCoLC)fst01423772</subfield></datafield><datafield ind1='1' ind2=' ' tag='700'><subfield code='a'>Aslan, Bahtiyar,</subfield><subfield code='d'>1971-</subfield><subfield code='0'>http://id.loc.gov/authorities/names/no2013060256</subfield></datafield><datafield ind1=' ' ind2=' ' tag='901'><subfield code='a'>6a40aa0f-e6da-4685-b5f9-029b657b1e7b</subfield><subfield code='b'>25</subfield><subfield code='c'>false</subfield></datafield><datafield ind1='0' ind2='0' tag='852'><subfield code='h'>PL53.9.A44 Z518 2021g</subfield><subfield code='0'>15245085</subfield><subfield code='b'>scsbcul</subfield></datafield><datafield ind1=' ' ind2=' ' tag='876'><subfield code='0'>15245085</subfield><subfield code='a'>21769635</subfield><subfield code='h'> </subfield><subfield code='j'>Available</subfield><subfield code='p'>CU26767457</subfield><subfield code='t'>1</subfield><subfield code='x'>Shared</subfield><subfield code='z'>CU</subfield><subfield code='l'>RECAP</subfield></datafield></record>