
<record><leader>00724cam a2200205ua 4500</leader><controlfield tag='001'>SCSB-6122182</controlfield><controlfield tag='003'>CStRLIN</controlfield><controlfield tag='005'>20040804083339.3</controlfield><controlfield tag='008'>870115s1985    uz            000 p rus d</controlfield><controlfield tag='009'>.b159603146</controlfield><datafield ind1=' ' ind2=' ' tag='040'><subfield code='a'>NN</subfield><subfield code='c'>NN</subfield><subfield code='d'>OCoLC</subfield></datafield><datafield ind1='1' ind2=' ' tag='041'><subfield code='a'>rus</subfield><subfield code='h'>uzb</subfield></datafield><datafield ind1='1' ind2=' ' tag='100'><subfield code='a'>Ali ₁Sîr Nevâî,</subfield><subfield code='d'>1441-1501.</subfield></datafield><datafield ind1='1' ind2='0' tag='245'><subfield code='a'>Farkhad i Shirin :</subfield><subfield code='b'>poėma /</subfield><subfield code='c'>Alisher Navoi ; perevod s uzbekskogo Lʹva Penʹkovskogo.</subfield></datafield><datafield ind1=' ' ind2=' ' tag='260'><subfield code='a'>Tashkent :</subfield><subfield code='b'>Izd-vo literatury i iskusstva im. Gafura Gul︠i︡ama,</subfield><subfield code='c'>1985.</subfield></datafield><datafield ind1=' ' ind2=' ' tag='300'><subfield code='a'>350 p. ;</subfield><subfield code='c'>21 cm.</subfield></datafield><datafield ind1=' ' ind2=' ' tag='907'><subfield code='a'>.b159603146</subfield><subfield code='c'>m</subfield><subfield code='d'>a</subfield><subfield code='e'>-</subfield><subfield code='f'>rus</subfield><subfield code='g'>uz</subfield><subfield code='h'>0</subfield><subfield code='i'>1</subfield></datafield><datafield ind1='8' ind2=' ' tag='852'><subfield code='h'>*QDY 87-249</subfield><subfield code='0'>6142522</subfield><subfield code='b'>scsbnypl</subfield></datafield><datafield ind1=' ' ind2=' ' tag='876'><subfield code='0'>6142522</subfield><subfield code='a'>10092909</subfield><subfield code='j'>Available</subfield><subfield code='p'>33433034560387</subfield><subfield code='t'>1</subfield><subfield code='x'>Shared</subfield><subfield code='z'>NA</subfield><subfield code='l'>RECAP</subfield></datafield></record>