
<record><leader>00693nam a2200229Ia 4500</leader><controlfield tag='001'>SCSB-11463603</controlfield><controlfield tag='005'>20020606095253.2</controlfield><controlfield tag='008'>840730s1973    tu            000 0 tur d</controlfield><controlfield tag='009'>990045534610203941</controlfield><datafield ind1=' ' ind2=' ' tag='035'><subfield code='a'>(OCoLC)11000951</subfield></datafield><datafield ind1=' ' ind2=' ' tag='040'><subfield code='a'>UUM</subfield><subfield code='c'>UUM</subfield><subfield code='d'>HLS</subfield></datafield><datafield ind1=' ' ind2='4' tag='050'><subfield code='a'>PL102.T75</subfield><subfield code='b'>L48 1973</subfield></datafield><datafield ind1=' ' ind2=' ' tag='090'><subfield code='a'>PL115</subfield><subfield code='b'>.L48 1973</subfield></datafield><datafield ind1='1' ind2=' ' tag='100'><subfield code='a'>Levend, Agâh Sırrı,</subfield><subfield code='d'>1894-1978</subfield></datafield><datafield ind1='1' ind2='0' tag='245'><subfield code='a'>Dil üstüne /</subfield><subfield code='c'>Agâh Sırrı Levend.</subfield></datafield><datafield ind1=' ' ind2=' ' tag='260'><subfield code='a'>Ankara :</subfield><subfield code='b'>Türk Dil Kurumu,</subfield><subfield code='c'>1973.</subfield></datafield><datafield ind1=' ' ind2=' ' tag='300'><subfield code='a'>342 p. ;</subfield><subfield code='c'>20 cm.</subfield></datafield><datafield ind1='0' ind2=' ' tag='490'><subfield code='a'>TDK tanıtma yayınları.</subfield><subfield code='a'>Dil konuları dizisi ;</subfield><subfield code='v'>25</subfield></datafield><datafield ind1='1' ind2=' ' tag='490'><subfield code='a'>Türk Dil Kurumu yayınları ;</subfield><subfield code='v'>382</subfield></datafield><datafield ind1='0' ind2=' ' tag='505'><subfield code='a'>&quot;Dile müdahele&quot; ve &quot;tabiî tekamül -- Uydurma nedir? Uydurmacılık neye derler? -- Yabancı kelimeler salgını -- Hangisini kullanalım? -- Gazete dilindeki gelişmelere bir bakış -- Baba oğlu neden anlamaz? -- Dil üzerine türlü sorunlar -- Türk Dil Kurumu&apos;nun suçu -- Öz Türkçe&apos;yi onlar da kullanıyor -- Yeni lisan, yeni dil -- Toplumun hizmetinde dil -- Anadiline saygı -- Akademi üzerine -- Dilbilgisi gereksiz midir? -- Öz Türkçe nedir? -- Türkçeyi bozanlar -- Öz Türkçeyi yadırgayanlar -- Türk dilinin başına gelenler -- Öz Türkçe - Osmanlıca kırması Türkçe -- Havas dili - avam dili -- Türk dilinde her kavramın karşılığı vardır -- Dilimizi zenginleştirmek için -- Türklüğü hor görenler ve ve Türk diline ihanet edenler -- Anadilimizin kaynağı -- Osmanlıca merakının gülünçlüğü -- Türk dili ve genç kuşaklar -- Hüseyin Rahmi Gürpınar&apos;ın yeni yayımlanan iki romanı -- Türlü yönleriyle Tevfik Fikret -- Ali Şir Nevaî -- Refik Halit Karay -- Ziya Gökalp ve Türk dili -- Ahmet Haşim -- Hüseyin Rahmi Gürpınar-- Mehmet Emin Yurdakul -- Türk dili araştırmaları -- Türk dili : 200 -- Kutadgu bilig -- Sözlüklerimiz -- Türkiye Türkçesinin tarihsel sözlüğü -- Türkçe - Farsça sözlük -- Bilim ve devrim -- Kültür hayatımızda bilim ahlâkı -- Kendi devirlerinin havası içinde yaşayanlar -- Türk kültürüne hizmet edenler -- Sanatsever, sanatçı ve eleştirmen -- Kaç kişi kaldı? -- Zevk, sanat ve moda -- Türk kültürünün gelişmesinde derneklerin ve kurumların rolü -- Halk ve tasavvufî halk edebiyatı -- Bilimde ve sanatta soyluluk -- Eski eserlerimizden hangilerini gençlere tanıtabiliriz? -- İnkârcılar -- Edebiyatımızda dünden bugüne -- Türk edebiyatında fıkra -- Ulusal kültürümüzde bunalım -- Türk edebiyatı tarihi nasıl hazırlanabilir? -- Bilim ve sanat adamının çilesi -- Bilgi ve bilim -- Devrimler ve önderler.</subfield></datafield><datafield ind1=' ' ind2='0' tag='650'><subfield code='a'>Turkish language</subfield><subfield code='x'>History</subfield></datafield><datafield ind1=' ' ind2='7' tag='655'><subfield code='a'>History</subfield><subfield code='2'>fast</subfield><subfield code='0'>(OCoLC)fst01411628</subfield></datafield><datafield ind1='2' ind2=' ' tag='710'><subfield code='a'>Türk Dil Kurumu</subfield><subfield code='e'>publisher.</subfield></datafield><datafield ind1='0' ind2='8' tag='776'><subfield code='i'>Online version:</subfield><subfield code='a'>Levend, Agâh Sırrı, 1894-</subfield><subfield code='t'>Dil üstüne.</subfield><subfield code='d'>Ankara : Türk Dil Kurumu, 1973</subfield><subfield code='w'>(OCoLC)551565537</subfield></datafield><datafield ind1=' ' ind2='0' tag='830'><subfield code='a'>Türk Dil Kurumu yayınları</subfield><subfield code='v'>382.</subfield></datafield><datafield ind1='1' ind2=' ' tag='583'><subfield code='a'>committed to retain</subfield><subfield code='c'>20181001</subfield><subfield code='d'>in perpetuity</subfield><subfield code='f'>ReCAP Shared Collection</subfield><subfield code='5'>HUL</subfield><subfield code='8'>221915705090003941</subfield></datafield><datafield ind1='1' ind2=' ' tag='583'><subfield code='a'>committed to retain</subfield><subfield code='c'>20170930</subfield><subfield code='d'>20421231</subfield><subfield code='f'>HathiTrust</subfield><subfield code='5'>HUL</subfield><subfield code='8'>221915705090003941</subfield></datafield><datafield ind1='7' ind2=' ' tag='852'><subfield code='2'>ZHCL</subfield><subfield code='c'>HD</subfield><subfield code='h'>2226.695.5</subfield><subfield code='0'>12273193</subfield><subfield code='b'>scsbhl</subfield></datafield><datafield ind1=' ' ind2=' ' tag='876'><subfield code='0'>12273193</subfield><subfield code='a'>18043636</subfield><subfield code='h'> </subfield><subfield code='j'>Available</subfield><subfield code='k'>WID</subfield><subfield code='p'>32044105401426</subfield><subfield code='x'>Shared</subfield><subfield code='z'>HW</subfield><subfield code='l'>HD</subfield></datafield></record>