
<record><leader>00000cam a2200397 a 4500</leader><controlfield tag='001'>SCSB-11816927</controlfield><controlfield tag='005'>20100708100814.0</controlfield><controlfield tag='008'>070329s2006    le       b    000 0carard</controlfield><controlfield tag='009'>990098585120203941</controlfield><datafield ind1=' ' ind2=' ' tag='020'><subfield code='a'>2745147978</subfield></datafield><datafield ind1=' ' ind2=' ' tag='020'><subfield code='a'>9782745147974</subfield></datafield><datafield ind1=' ' ind2=' ' tag='035'><subfield code='a'>(OCoLC)99996369</subfield><subfield code='z'>(OCoLC)84142384</subfield></datafield><datafield ind1=' ' ind2=' ' tag='037'><subfield code='a'>MNW</subfield><subfield code='b'>ORG</subfield><subfield code='c'>NOR</subfield></datafield><datafield ind1=' ' ind2=' ' tag='040'><subfield code='a'>CUY</subfield><subfield code='c'>CUY</subfield><subfield code='d'>TEF</subfield></datafield><datafield ind1=' ' ind2='4' tag='050'><subfield code='a'>BP189.4</subfield><subfield code='b'>.J84 2006</subfield></datafield><datafield ind1='1' ind2=' ' tag='100'><subfield code='6'>880-01</subfield><subfield code='a'>Juhnī, Abū ʻAbd Allāh al-Ḥusayn ibn Naṣr.</subfield></datafield><datafield ind1='1' ind2=' ' tag='880'><subfield code='6'>100-01/</subfield><subfield code='a'>جهني، ابو عبد الله الحسين بن نصر.</subfield></datafield><datafield ind1='1' ind2='0' tag='245'><subfield code='6'>880-02</subfield><subfield code='a'>Muntaqá manāqib al-abrār wa-maḥāsin al-akhyār /</subfield><subfield code='c'>taʼlīf Abī ʻAbd Allāh al-Ḥusayn ibn Naṣr al-Juhnī al-Kaʻbī al-Shāfiʻī ; ʻallaqa ʻalayhi wa-waḍaʻa ḥawāshīh Ṭāriq al-Sayyid al-Ṭanṭāwī.</subfield></datafield><datafield ind1='1' ind2='0' tag='880'><subfield code='6'>245-02/</subfield><subfield code='a'>منتقى مناقب الأبرار ومحاسن الأخيار /</subfield><subfield code='c'>تأليف أبي عبد الله الحسين بن نصر الجهني الكعبي الشافعي ؛ علّق عليه ووضع حواشيه طارق السيد الطنطاوي.</subfield></datafield><datafield ind1='1' ind2='8' tag='246'><subfield code='6'>880-03</subfield><subfield code='a'>Muntaqá manāqib al-abrār</subfield></datafield><datafield ind1='1' ind2='8' tag='880'><subfield code='6'>246-03/</subfield><subfield code='a'>منتقى مناقب الأبرار</subfield></datafield><datafield ind1='1' ind2=' ' tag='246'><subfield code='i'>Title on verso of t.p.:</subfield><subfield code='a'>Muntaqā manāqib al-ʼabrār wa-maḥāsin al-ʼaḥyār =</subfield><subfield code='b'>The virtues and the merits of the pious and the righteous</subfield></datafield><datafield ind1='3' ind2='1' tag='246'><subfield code='a'>Virtues and the merits of the pious and the righteous</subfield></datafield><datafield ind1='1' ind2=' ' tag='246'><subfield code='i'>Title on verso of title page:</subfield><subfield code='a'>Muntaqā manāqib al-ʼabrār wa-maḥāsin al-ʼaḥyār =</subfield><subfield code='b'>The virtues and the merits of the pious and the righteous</subfield></datafield><datafield ind1=' ' ind2=' ' tag='250'><subfield code='6'>880-04</subfield><subfield code='a'>al-Ṭabʻah 1.</subfield></datafield><datafield ind1=' ' ind2=' ' tag='880'><subfield code='6'>250-04/</subfield><subfield code='a'>الطبعة 1.</subfield></datafield><datafield ind1=' ' ind2=' ' tag='260'><subfield code='6'>880-05</subfield><subfield code='a'>Bayrūt :</subfield><subfield code='b'>Dār al-Kutub al-ʻIlmīyah,</subfield><subfield code='c'>2006.</subfield></datafield><datafield ind1=' ' ind2=' ' tag='880'><subfield code='6'>260-05/</subfield><subfield code='a'>بيروت :</subfield><subfield code='b'>دار الكتب العلمية،</subfield><subfield code='c'>2006.</subfield></datafield><datafield ind1=' ' ind2=' ' tag='300'><subfield code='a'>167 p. ;</subfield><subfield code='c'>25 cm.</subfield></datafield><datafield ind1=' ' ind2=' ' tag='504'><subfield code='a'>Includes bibliographical references.</subfield></datafield><datafield ind1=' ' ind2='0' tag='650'><subfield code='a'>Sufism</subfield><subfield code='v'>Biography</subfield><subfield code='v'>Early works to 1800.</subfield></datafield><datafield ind1=' ' ind2='0' tag='650'><subfield code='a'>Muslim saints</subfield><subfield code='v'>Biography</subfield><subfield code='v'>Early works to 1800.</subfield></datafield><datafield ind1=' ' ind2='7' tag='655'><subfield code='a'>Biographies</subfield><subfield code='2'>fast</subfield><subfield code='0'>(OCoLC)fst01919896</subfield></datafield><datafield ind1=' ' ind2='7' tag='655'><subfield code='a'>Early works</subfield><subfield code='2'>fast</subfield><subfield code='0'>(OCoLC)fst01411636</subfield></datafield><datafield ind1='1' ind2=' ' tag='700'><subfield code='6'>880-06</subfield><subfield code='a'>Ṭanṭāwī, Ṭāriq al-Sayyid.</subfield></datafield><datafield ind1='1' ind2=' ' tag='880'><subfield code='6'>700-06/</subfield><subfield code='a'>طنطاوي، طارق السيّد.</subfield></datafield><datafield ind1=' ' ind2=' ' tag='752'><subfield code='a'>Lebanon</subfield><subfield code='d'>Beirut.</subfield></datafield><datafield ind1='1' ind2=' ' tag='583'><subfield code='a'>committed to retain</subfield><subfield code='c'>20181001</subfield><subfield code='d'>in perpetuity</subfield><subfield code='f'>ReCAP Shared Collection</subfield><subfield code='5'>HUL</subfield><subfield code='8'>222092071120003941</subfield></datafield><datafield ind1='0' ind2=' ' tag='852'><subfield code='c'>HD</subfield><subfield code='h'>BP189.4</subfield><subfield code='i'>.J84 2006</subfield><subfield code='0'>12636873</subfield><subfield code='b'>scsbhl</subfield></datafield><datafield ind1=' ' ind2=' ' tag='876'><subfield code='0'>12636873</subfield><subfield code='a'>18421331</subfield><subfield code='h'> </subfield><subfield code='j'>Available</subfield><subfield code='k'>WID</subfield><subfield code='p'>32044115108672</subfield><subfield code='x'>Shared</subfield><subfield code='z'>HW</subfield><subfield code='l'>HD</subfield></datafield></record>