
<record><leader>01121nam a2200313   4500</leader><controlfield tag='001'>SCSB-7868068</controlfield><controlfield tag='005'>20060623191721.0</controlfield><controlfield tag='008'>870227s1986    nyua   j      000 1 eng  </controlfield><controlfield tag='009'>.b221689588</controlfield><datafield ind1=' ' ind2=' ' tag='010'><subfield code='a'>   85013125</subfield></datafield><datafield ind1=' ' ind2=' ' tag='020'><subfield code='a'>0803702523</subfield></datafield><datafield ind1=' ' ind2=' ' tag='040'><subfield code='d'>UtOrBLW</subfield></datafield><datafield ind1='0' ind2=' ' tag='050'><subfield code='a'>PZ8.3</subfield><subfield code='b'>.A109 1986</subfield></datafield><datafield ind1='0' ind2=' ' tag='082'><subfield code='a'>[E]</subfield><subfield code='2'>19</subfield></datafield><datafield ind1=' ' ind2=' ' tag='091'><subfield code='p'>J</subfield><subfield code='a'>PIC</subfield><subfield code='c'>A</subfield></datafield><datafield ind1='0' ind2='2' tag='245'><subfield code='a'>A apple pie /</subfield><subfield code='c'>pictures by Tracey Campbell Pearson.</subfield></datafield><datafield ind1=' ' ind2=' ' tag='260'><subfield code='a'>New York N.Y. :</subfield><subfield code='b'>Dial Books for Young Readers,</subfield><subfield code='c'>c1986.</subfield></datafield><datafield ind1=' ' ind2=' ' tag='520'><subfield code='a'>A folded book, which introduces the letters A to Z while following the fortunes of an apple pie.</subfield></datafield><datafield ind1=' ' ind2='0' tag='650'><subfield code='a'>Nursery rhymes.</subfield></datafield><datafield ind1=' ' ind2='0' tag='650'><subfield code='a'>Alphabet rhymes.</subfield></datafield><datafield ind1=' ' ind2='0' tag='650'><subfield code='a'>Toy and movable books.</subfield></datafield><datafield ind1=' ' ind2='0' tag='650'><subfield code='a'>Alphabet books.</subfield></datafield><datafield ind1=' ' ind2='0' tag='655'><subfield code='a'>Picture books.</subfield></datafield><datafield ind1='1' ind2=' ' tag='700'><subfield code='a'>Pearson, Tracey Campbell,</subfield><subfield code='e'>ill.</subfield></datafield><datafield ind1=' ' ind2=' ' tag='907'><subfield code='a'>.b17528927x</subfield><subfield code='c'>m</subfield><subfield code='d'>a</subfield><subfield code='e'>-</subfield><subfield code='f'>eng</subfield><subfield code='g'>nyu</subfield><subfield code='h'>2</subfield><subfield code='i'>5</subfield></datafield><datafield ind1='8' ind2=' ' tag='852'><subfield code='h'>ReCAP .b17528927x</subfield><subfield code='0'>8008116</subfield><subfield code='b'>scsbnypl</subfield></datafield><datafield ind1=' ' ind2=' ' tag='876'><subfield code='0'>8008116</subfield><subfield code='a'>13185814</subfield><subfield code='j'>Available</subfield><subfield code='p'>33333081091734</subfield><subfield code='t'>1</subfield><subfield code='x'>Shared</subfield><subfield code='z'>NA</subfield><subfield code='l'>RECAP</subfield></datafield></record>