
<record><leader>00000cam a2200481 i 4500</leader><controlfield tag='001'>SCSB-11492197</controlfield><controlfield tag='005'>20160117224514.0</controlfield><controlfield tag='008'>150303m20151999miua     b    001 0 enm  </controlfield><controlfield tag='009'>990145778300203941</controlfield><datafield ind1=' ' ind2=' ' tag='010'><subfield code='a'>^^2015007673</subfield></datafield><datafield ind1=' ' ind2=' ' tag='020'><subfield code='a'>9781580442138 (pbk. : alk. paper)</subfield></datafield><datafield ind1=' ' ind2=' ' tag='020'><subfield code='a'>1580442137 (pbk. : alk. paper)</subfield></datafield><datafield ind1=' ' ind2=' ' tag='020'><subfield code='a'>9781580442145 (pbk. : alk. paper)</subfield></datafield><datafield ind1=' ' ind2=' ' tag='020'><subfield code='a'>1580442145 (pbk. : alk. paper)</subfield></datafield><datafield ind1=' ' ind2=' ' tag='035'><subfield code='a'>(OCoLC)904506028</subfield></datafield><datafield ind1=' ' ind2=' ' tag='040'><subfield code='a'>DLC</subfield><subfield code='b'>eng</subfield><subfield code='e'>rda</subfield><subfield code='c'>DLC</subfield><subfield code='d'>YDXCP</subfield></datafield><datafield ind1='0' ind2=' ' tag='041'><subfield code='a'>enm</subfield><subfield code='b'>eng</subfield></datafield><datafield ind1=' ' ind2=' ' tag='042'><subfield code='a'>pcc</subfield></datafield><datafield ind1=' ' ind2=' ' tag='043'><subfield code='a'>e-uk---</subfield></datafield><datafield ind1='0' ind2='0' tag='050'><subfield code='a'>DA130</subfield><subfield code='b'>.H35 2015</subfield></datafield><datafield ind1='0' ind2='0' tag='082'><subfield code='a'>942</subfield><subfield code='2'>23</subfield></datafield><datafield ind1='1' ind2=' ' tag='100'><subfield code='a'>Hardyng, John,</subfield><subfield code='d'>1378-1465?</subfield></datafield><datafield ind1='1' ind2='0' tag='240'><subfield code='a'>Chronicle of Ihon Hardyng</subfield></datafield><datafield ind1='1' ind2='0' tag='245'><subfield code='a'>John Hardyng chronicle :</subfield><subfield code='b'>edited from British Library MS Lansdowne 204 /</subfield><subfield code='c'>John Hardyng.</subfield></datafield><datafield ind1=' ' ind2='1' tag='264'><subfield code='a'>Kalamazoo, Michigan :</subfield><subfield code='b'>Published for TEAMS (The Consortium for the Teaching of the Middle Ages) in association with the University of Rochester by Medieval Institute Publications,</subfield><subfield code='c'>[2015]-</subfield></datafield><datafield ind1=' ' ind2=' ' tag='300'><subfield code='a'>&lt;2&gt; volumes :</subfield><subfield code='b'>illustrations ;</subfield><subfield code='c'>26 cm.</subfield></datafield><datafield ind1=' ' ind2=' ' tag='336'><subfield code='a'>text</subfield><subfield code='2'>rdacontent</subfield></datafield><datafield ind1=' ' ind2=' ' tag='337'><subfield code='a'>unmediated</subfield><subfield code='2'>rdamedia</subfield></datafield><datafield ind1=' ' ind2=' ' tag='338'><subfield code='a'>volume</subfield><subfield code='2'>rdacarrier</subfield></datafield><datafield ind1='0' ind2=' ' tag='490'><subfield code='a'>Middle English texts series</subfield></datafield><datafield ind1=' ' ind2=' ' tag='504'><subfield code='a'>Includes bibliographical references and indexes.</subfield></datafield><datafield ind1=' ' ind2=' ' tag='500'><subfield code='a'>&quot;Volume 1 edited by James Simpson and Sarah Peverley.&quot;</subfield></datafield><datafield ind1='1' ind2=' ' tag='505'><subfield code='a'>&quot;Volume 1 edited by James Simpson and Sarah Peverley.&quot;</subfield></datafield><datafield ind1=' ' ind2='0' tag='651'><subfield code='a'>Great Britain</subfield><subfield code='x'>History</subfield><subfield code='y'>To 1485.</subfield></datafield><datafield ind1=' ' ind2='0' tag='651'><subfield code='a'>Great Britain</subfield><subfield code='x'>History</subfield><subfield code='y'>Tudors, 1485-1603.</subfield></datafield><datafield ind1='2' ind2='0' tag='610'><subfield code='a'>British Library.</subfield><subfield code='k'>Manuscript.</subfield><subfield code='n'>Lansdowne 204.</subfield></datafield><datafield ind1=' ' ind2='7' tag='655'><subfield code='a'>History</subfield><subfield code='2'>fast</subfield></datafield><datafield ind1=' ' ind2='7' tag='648'><subfield code='a'>To 1603</subfield><subfield code='2'>fast</subfield></datafield><datafield ind1='1' ind2=' ' tag='700'><subfield code='a'>Simpson, James,</subfield><subfield code='d'>1954-</subfield><subfield code='e'>editor.</subfield></datafield><datafield ind1='1' ind2=' ' tag='700'><subfield code='a'>Peverley, Sarah,</subfield><subfield code='d'>1976-</subfield><subfield code='e'>editor.</subfield></datafield><datafield ind1='2' ind2=' ' tag='710'><subfield code='a'>British Library.</subfield><subfield code='k'>Manuscript.</subfield><subfield code='n'>Lansdowne 204.</subfield></datafield><datafield ind1='1' ind2=' ' tag='583'><subfield code='a'>committed to retain</subfield><subfield code='c'>20181001</subfield><subfield code='d'>in perpetuity</subfield><subfield code='f'>ReCAP Shared Collection</subfield><subfield code='5'>HUL</subfield><subfield code='8'>222189900290003941</subfield></datafield><datafield ind1='0' ind2='1' tag='852'><subfield code='c'>HD</subfield><subfield code='h'>DA130</subfield><subfield code='i'>.H35 2015</subfield><subfield code='0'>12302607</subfield><subfield code='b'>scsbhl</subfield></datafield><datafield ind1=' ' ind2=' ' tag='876'><subfield code='0'>12302607</subfield><subfield code='3'>v.1</subfield><subfield code='a'>18074069</subfield><subfield code='h'> </subfield><subfield code='j'>Available</subfield><subfield code='k'>WID</subfield><subfield code='p'>32044136061405</subfield><subfield code='x'>Shared</subfield><subfield code='z'>HW</subfield><subfield code='l'>HD</subfield></datafield></record>