
<record><leader>00923nam a2200241u  4500</leader><controlfield tag='001'>SCSB-11023889</controlfield><controlfield tag='005'>20070618202219.0</controlfield><controlfield tag='008'>831212s1883    enk           00100beng d</controlfield><controlfield tag='009'>990014387300203941</controlfield><datafield ind1=' ' ind2=' ' tag='035'><subfield code='a'>(OCoLC)1378009</subfield><subfield code='z'>(OCoLC)10213108</subfield><subfield code='z'>(OCoLC)317519598</subfield><subfield code='z'>(OCoLC)1090365192</subfield><subfield code='z'>(OCoLC)1112805189</subfield></datafield><datafield ind1=' ' ind2=' ' tag='040'><subfield code='a'>CSF</subfield><subfield code='c'>CSF</subfield></datafield><datafield ind1=' ' ind2='4' tag='050'><subfield code='a'>DA260</subfield><subfield code='b'>.M6</subfield></datafield><datafield ind1=' ' ind2=' ' tag='090'><subfield code='a'>DA260</subfield><subfield code='b'>.M7</subfield></datafield><datafield ind1='1' ind2=' ' tag='100'><subfield code='a'>More, Thomas,</subfield><subfield code='c'>Saint,</subfield><subfield code='d'>1478-1535</subfield></datafield><datafield ind1='1' ind2='0' tag='240'><subfield code='a'>History of King Richard the Third</subfield></datafield><datafield ind1='1' ind2='4' tag='245'><subfield code='a'>The history of King Richard III.</subfield><subfield code='c'>Edited with notes, glossary, and index of names by J. Rawson Lumby, to which is added the conclusion of the history of King Richard III as given in the continuation of Hardyng&apos;s Chronicle, London, 1543.</subfield></datafield><datafield ind1=' ' ind2=' ' tag='260'><subfield code='a'>Cambridge [Eng.]</subfield><subfield code='b'>University Press</subfield><subfield code='c'>[1883]</subfield></datafield><datafield ind1=' ' ind2=' ' tag='300'><subfield code='a'>vi, 212 p.</subfield></datafield><datafield ind1='0' ind2=' ' tag='490'><subfield code='a'>Pitt press series</subfield></datafield><datafield ind1='0' ind2='0' tag='600'><subfield code='a'>Richard</subfield><subfield code='b'>III,</subfield><subfield code='c'>King of England,</subfield><subfield code='d'>1452-1485</subfield></datafield><datafield ind1='1' ind2=' ' tag='700'><subfield code='a'>Lumby, J. Rawson</subfield><subfield code='q'>(Joseph Rawson),</subfield><subfield code='d'>1831-1895</subfield></datafield><datafield ind1='0' ind2='8' tag='776'><subfield code='i'>Online version:</subfield><subfield code='a'>More, Thomas, Sir, Saint, 1478-1535.</subfield><subfield code='t'>More&apos;s History of King Richard III.</subfield><subfield code='d'>Cambridge, University Press, 1883</subfield><subfield code='w'>(OCoLC)714838568</subfield></datafield><datafield ind1='1' ind2=' ' tag='583'><subfield code='a'>committed to retain</subfield><subfield code='c'>20181001</subfield><subfield code='d'>in perpetuity</subfield><subfield code='f'>ReCAP Shared Collection</subfield><subfield code='5'>HUL</subfield><subfield code='8'>221809201420003941</subfield></datafield><datafield ind1='7' ind2=' ' tag='852'><subfield code='2'>ZHCL</subfield><subfield code='c'>HD</subfield><subfield code='h'>Br 1605.39</subfield><subfield code='0'>11820508</subfield><subfield code='b'>scsbhl</subfield></datafield><datafield ind1=' ' ind2=' ' tag='876'><subfield code='0'>11820508</subfield><subfield code='a'>17574190</subfield><subfield code='h'> </subfield><subfield code='j'>Available</subfield><subfield code='k'>WID</subfield><subfield code='p'>32044112631627</subfield><subfield code='x'>Shared</subfield><subfield code='z'>HW</subfield><subfield code='l'>HD</subfield></datafield></record>