
<record><leader>02359pam a2200397 a 4500</leader><controlfield tag='001'>SCSB-13970589</controlfield><controlfield tag='003'>NNC</controlfield><controlfield tag='005'>20221103032634.0</controlfield><controlfield tag='008'>040302t20042004flua     b   s001 0 eng  </controlfield><controlfield tag='009'>4758359</controlfield><datafield ind1=' ' ind2=' ' tag='010'><subfield code='a'>  2004041938</subfield></datafield><datafield ind1=' ' ind2=' ' tag='020'><subfield code='a'>0813027330 (acid-free paper)</subfield></datafield><datafield ind1=' ' ind2=' ' tag='035'><subfield code='a'>(OCoLC)ocm54685376</subfield></datafield><datafield ind1=' ' ind2=' ' tag='035'><subfield code='a'>(NNC)4758359</subfield></datafield><datafield ind1=' ' ind2=' ' tag='035'><subfield code='a'>4758359</subfield></datafield><datafield ind1=' ' ind2=' ' tag='040'><subfield code='a'>DLC</subfield><subfield code='c'>DLC</subfield><subfield code='d'>YDX</subfield><subfield code='d'>OrLoB-B</subfield></datafield><datafield ind1=' ' ind2=' ' tag='043'><subfield code='a'>e-uk-en</subfield><subfield code='a'>e-uk---</subfield></datafield><datafield ind1='0' ind2='0' tag='050'><subfield code='a'>DA152.5.A7</subfield><subfield code='b'>F55 2004</subfield></datafield><datafield ind1='0' ind2='0' tag='082'><subfield code='a'>942.01/07/2</subfield><subfield code='2'>22</subfield></datafield><datafield ind1='1' ind2=' ' tag='100'><subfield code='a'>Finke, Laurie.</subfield><subfield code='0'>http://id.loc.gov/authorities/names/n86808609</subfield></datafield><datafield ind1='1' ind2='0' tag='245'><subfield code='a'>King Arthur and the myth of history /</subfield><subfield code='c'>Laurie A. Finke and Martin B. Shichtman.</subfield></datafield><datafield ind1=' ' ind2=' ' tag='260'><subfield code='a'>Gainesville :</subfield><subfield code='b'>University Press of Florida,</subfield><subfield code='c'>[2004], ©2004.</subfield></datafield><datafield ind1=' ' ind2=' ' tag='300'><subfield code='a'>xiii, 262 pages :</subfield><subfield code='b'>illustrations ;</subfield><subfield code='c'>24 cm</subfield></datafield><datafield ind1=' ' ind2=' ' tag='336'><subfield code='a'>text</subfield><subfield code='b'>txt</subfield><subfield code='2'>rdacontent</subfield></datafield><datafield ind1=' ' ind2=' ' tag='337'><subfield code='a'>unmediated</subfield><subfield code='b'>n</subfield><subfield code='2'>rdamedia</subfield></datafield><datafield ind1=' ' ind2=' ' tag='504'><subfield code='a'>Includes bibliographical references (p. [221]-254) and index.</subfield></datafield><datafield ind1='0' ind2='0' tag='505'><subfield code='g'>1.</subfield><subfield code='t'>&quot;To mend the interrupted sequence of time&quot; : the narrative logic of medieval history --</subfield><subfield code='g'>2.</subfield><subfield code='t'>Profiting from the past : history as symbolic capital --</subfield><subfield code='g'>3.</subfield><subfield code='t'>The romance of empire : vernacular history and the structuration of power --</subfield><subfield code='g'>4.</subfield><subfield code='t'>Discontinuous time : history in the eyes of its losers --</subfield><subfield code='g'>5.</subfield><subfield code='t'>Mapping ambition : imperialism, nationalism, and the logic of seriality in the Chronicle of John Hardyng --</subfield><subfield code='g'>6.</subfield><subfield code='t'>Patronage, printing, and symbolic economies of nationalism in Caxton&apos;s Morte Darthur --</subfield><subfield code='g'>7.</subfield><subfield code='t'>Paranoid history.</subfield></datafield><datafield ind1='0' ind2='0' tag='600'><subfield code='a'>Arthur,</subfield><subfield code='c'>King.</subfield><subfield code='0'>http://id.loc.gov/authorities/names/n79055479</subfield></datafield><datafield ind1=' ' ind2='0' tag='650'><subfield code='a'>Britons</subfield><subfield code='x'>Kings and rulers</subfield><subfield code='v'>Folklore.</subfield><subfield code='0'>http://id.loc.gov/authorities/subjects/sh2007102162</subfield></datafield><datafield ind1=' ' ind2='0' tag='650'><subfield code='a'>Mythology, Celtic</subfield><subfield code='z'>Great Britain.</subfield><subfield code='0'>http://id.loc.gov/authorities/subjects/sh2010103032</subfield></datafield><datafield ind1=' ' ind2='0' tag='650'><subfield code='a'>Historiography</subfield><subfield code='z'>Great Britain.</subfield><subfield code='0'>http://id.loc.gov/authorities/subjects/sh2009126422</subfield></datafield><datafield ind1=' ' ind2='0' tag='650'><subfield code='a'>Arthurian romances</subfield><subfield code='v'>Sources.</subfield><subfield code='0'>http://id.loc.gov/authorities/subjects/sh2007101475</subfield></datafield><datafield ind1=' ' ind2='0' tag='650'><subfield code='a'>Britons</subfield><subfield code='x'>Historiography.</subfield><subfield code='0'>http://id.loc.gov/authorities/subjects/sh2009117626</subfield></datafield><datafield ind1=' ' ind2='0' tag='650'><subfield code='a'>Mythology, British.</subfield><subfield code='0'>http://id.loc.gov/authorities/subjects/sh85089384</subfield></datafield><datafield ind1=' ' ind2='0' tag='651'><subfield code='a'>Great Britain</subfield><subfield code='x'>History</subfield><subfield code='y'>To 1066</subfield><subfield code='x'>Historiography.</subfield><subfield code='0'>http://id.loc.gov/authorities/subjects/sh85056723</subfield></datafield><datafield ind1='1' ind2=' ' tag='700'><subfield code='a'>Shichtman, Martin B.</subfield><subfield code='0'>http://id.loc.gov/authorities/names/n86057687</subfield></datafield><datafield ind1='0' ind2='0' tag='852'><subfield code='h'>DA152.5.A7 F55 2004</subfield><subfield code='0'>14897707</subfield><subfield code='b'>scsbcul</subfield></datafield><datafield ind1=' ' ind2=' ' tag='876'><subfield code='0'>14897707</subfield><subfield code='a'>21351421</subfield><subfield code='h'> </subfield><subfield code='j'>Available</subfield><subfield code='p'>CU75743086</subfield><subfield code='t'>1</subfield><subfield code='x'>Shared</subfield><subfield code='z'>CU</subfield><subfield code='l'>RECAP</subfield></datafield></record>