
<record><leader>03347cam a2200433 a 4500</leader><controlfield tag='001'>SCSB-14071682</controlfield><controlfield tag='003'>NNC</controlfield><controlfield tag='005'>20221110041149.0</controlfield><controlfield tag='008'>050131s2005    enkab    b    001 0 eng  </controlfield><controlfield tag='009'>5454977</controlfield><datafield ind1=' ' ind2=' ' tag='010'><subfield code='a'>  2005002726</subfield></datafield><datafield ind1=' ' ind2=' ' tag='015'><subfield code='a'>GBA529639</subfield><subfield code='2'>bnb</subfield></datafield><datafield ind1='7' ind2=' ' tag='016'><subfield code='a'>013170834</subfield><subfield code='2'>Uk</subfield></datafield><datafield ind1=' ' ind2=' ' tag='020'><subfield code='a'>1843831279 (acid-free paper)</subfield></datafield><datafield ind1=' ' ind2=' ' tag='035'><subfield code='a'>(OCoLC)ocm57682318</subfield></datafield><datafield ind1=' ' ind2=' ' tag='035'><subfield code='a'>(NNC)5454977</subfield></datafield><datafield ind1=' ' ind2=' ' tag='035'><subfield code='a'>5454977</subfield></datafield><datafield ind1=' ' ind2=' ' tag='040'><subfield code='a'>DLC</subfield><subfield code='c'>DLC</subfield><subfield code='d'>YDX</subfield><subfield code='d'>UKM</subfield><subfield code='d'>BAKER</subfield><subfield code='d'>MBB</subfield><subfield code='d'>VVC</subfield></datafield><datafield ind1=' ' ind2=' ' tag='043'><subfield code='a'>e-uk-en</subfield><subfield code='a'>e-uk---</subfield></datafield><datafield ind1='0' ind2='0' tag='050'><subfield code='a'>DA670.N8</subfield><subfield code='b'>N55 2005</subfield></datafield><datafield ind1='0' ind2='0' tag='082'><subfield code='a'>942.803</subfield><subfield code='2'>22</subfield></datafield><datafield ind1='0' ind2='0' tag='245'><subfield code='a'>North-east England in the later Middle Ages /</subfield><subfield code='c'>edited by Christian D. Liddy, R.H. Britnell.</subfield></datafield><datafield ind1=' ' ind2=' ' tag='260'><subfield code='a'>Woodbridge, Suffolk, UK ;</subfield><subfield code='a'>Rochester, NY :</subfield><subfield code='b'>Boydell Press,</subfield><subfield code='c'>2005.</subfield></datafield><datafield ind1=' ' ind2=' ' tag='300'><subfield code='a'>xiii, 250 pages :</subfield><subfield code='b'>illustrations, maps ;</subfield><subfield code='c'>24 cm.</subfield></datafield><datafield ind1=' ' ind2=' ' tag='336'><subfield code='a'>text</subfield><subfield code='b'>txt</subfield><subfield code='2'>rdacontent</subfield></datafield><datafield ind1=' ' ind2=' ' tag='337'><subfield code='a'>unmediated</subfield><subfield code='b'>n</subfield><subfield code='2'>rdamedia</subfield></datafield><datafield ind1='1' ind2=' ' tag='490'><subfield code='a'>Regions and regionalism in history,</subfield><subfield code='x'>1742-8254</subfield></datafield><datafield ind1='0' ind2=' ' tag='505'><subfield code='a'>St Cuthbert and the border, c.1080-c.1300 / Richard Lomas -- John Hardyng, Northumbrian identity and the Scots / Alastair J. MacDonald -- Remembering the legal past: Anglo-Scottish border law and practice in the later Middle Ages / Cynthia J. Neville -- Scaling the ladder: the rise and rise of the grays of Heaton, c.1296-c.1415 / Andy King -- Land, legend, and gentility in the Palatinate of Durham: the Pollards of Pollard Hall / Christian D. Liddy -- Local law courts in the late Medieval Durham / Peter L. Larson -- The free court of the priors of Durham / Constance M. Fraser -- Church discipline in late Medieval Durham city: the prior as archdeacon / Margaret Harvey -- Economy and society in north-eastern market towns: Darlington and Northallerton in the later Middle Ages / Christine M. Newman -- Newcastle trade and Durham priory, 1460-1520 / Miranda Threlfall-Holmes -- The size and shape of Durham&apos;s monastic community, 1274-1539 / A.J. Piper -- Peasants, landlords and production between the Tyne and the Tees, 1349-1450 / Ben Dodds -- Wastes, the margins and the abandonment of land: the bishop of Durham&apos;s estate, 1350-1480 / Simon J. Harris -- Framing Medieval landscapes: region and place in county Durham / Brian Roberts, Helen Dunsford, Simon J. Harris.</subfield></datafield><datafield ind1=' ' ind2=' ' tag='504'><subfield code='a'>Includes bibliographical references and index.</subfield></datafield><datafield ind1=' ' ind2=' ' tag='500'><subfield code='a'>&quot;This volume arose from a conference held at Trevelyan College in Durham in June 2002. The conference was organised under the auspices of the AHRB Research Centre for North-East England History&quot;--T.p. verso.</subfield></datafield><datafield ind1=' ' ind2=' ' tag='520'><subfield code='a'>&quot;The medieval development of the distinct region of north-east England explored through close examination of landscape, religion and history&quot;--Provided by publisher.</subfield></datafield><datafield ind1=' ' ind2='0' tag='651'><subfield code='a'>England, North East</subfield><subfield code='x'>History.</subfield></datafield><datafield ind1=' ' ind2='0' tag='651'><subfield code='a'>Great Britain</subfield><subfield code='x'>History</subfield><subfield code='y'>Medieval period, 1066-1485.</subfield><subfield code='0'>http://id.loc.gov/authorities/subjects/sh85056740</subfield></datafield><datafield ind1=' ' ind2='0' tag='650'><subfield code='a'>Archaeology, Medieval</subfield><subfield code='z'>England, North East.</subfield></datafield><datafield ind1='1' ind2=' ' tag='700'><subfield code='a'>Liddy, Christian D.</subfield><subfield code='q'>(Christian Drummond),</subfield><subfield code='d'>1973-</subfield><subfield code='0'>http://id.loc.gov/authorities/names/n2005006704</subfield></datafield><datafield ind1='1' ind2=' ' tag='700'><subfield code='a'>Britnell, R. H.</subfield><subfield code='0'>http://id.loc.gov/authorities/names/n85097235</subfield></datafield><datafield ind1=' ' ind2='0' tag='830'><subfield code='a'>Regions and regionalism in history.</subfield><subfield code='0'>http://id.loc.gov/authorities/names/n2004035360</subfield></datafield><datafield ind1=' ' ind2=' ' tag='901'><subfield code='a'>d619cba8-5923-48a4-ad76-28bd86fdccc7</subfield><subfield code='b'>29</subfield><subfield code='c'>false</subfield></datafield><datafield ind1='0' ind2='0' tag='852'><subfield code='h'>DA670.N8 N55 2005</subfield><subfield code='0'>15011296</subfield><subfield code='b'>scsbcul</subfield></datafield><datafield ind1=' ' ind2=' ' tag='876'><subfield code='0'>15011296</subfield><subfield code='a'>21480257</subfield><subfield code='h'> </subfield><subfield code='j'>Available</subfield><subfield code='p'>CU75761793</subfield><subfield code='t'>1</subfield><subfield code='x'>Shared</subfield><subfield code='z'>CU</subfield><subfield code='l'>RECAP</subfield></datafield></record>