
<record><leader>01691cam a2200421 i 4500</leader><controlfield tag='001'>SCSB-14054331</controlfield><controlfield tag='003'>NNC</controlfield><controlfield tag='005'>20240625185425.0</controlfield><controlfield tag='008'>191120s2019    tu a     b    000 0 tur c</controlfield><controlfield tag='009'>14402995</controlfield><datafield ind1=' ' ind2=' ' tag='019'><subfield code='a'>1242549331</subfield></datafield><datafield ind1=' ' ind2=' ' tag='020'><subfield code='a'>9786052271131</subfield></datafield><datafield ind1=' ' ind2=' ' tag='020'><subfield code='a'>6052271132</subfield></datafield><datafield ind1='8' ind2=' ' tag='024'><subfield code='a'>2019/10a-85</subfield></datafield><datafield ind1=' ' ind2=' ' tag='035'><subfield code='a'>(OCoLC)on1242870515</subfield></datafield><datafield ind1=' ' ind2=' ' tag='035'><subfield code='a'>(OCoLC)1242870515</subfield><subfield code='z'>(OCoLC)1242549331</subfield></datafield><datafield ind1=' ' ind2=' ' tag='035'><subfield code='a'>14402995</subfield></datafield><datafield ind1=' ' ind2=' ' tag='040'><subfield code='a'>PUL</subfield><subfield code='b'>eng</subfield><subfield code='e'>rda</subfield><subfield code='c'>PUL</subfield><subfield code='d'>OCLCO</subfield><subfield code='d'>OCLCF</subfield><subfield code='d'>HFL</subfield><subfield code='d'>NNC</subfield></datafield><datafield ind1=' ' ind2=' ' tag='042'><subfield code='a'>pcc</subfield></datafield><datafield ind1=' ' ind2=' ' tag='043'><subfield code='a'>a-tu---</subfield></datafield><datafield ind1=' ' ind2=' ' tag='049'><subfield code='a'>ZCUA</subfield></datafield><datafield ind1=' ' ind2='4' tag='050'><subfield code='a'>TS1411</subfield><subfield code='b'>.Y39 2019</subfield></datafield><datafield ind1='0' ind2='0' tag='245'><subfield code='a'>Yazmalardaki el izleri /</subfield><subfield code='c'>editörler Hamdi Ünal, Nazmiye Aydın ; yazarlar Nazmiye Aydın [and six others].</subfield></datafield><datafield ind1=' ' ind2=' ' tag='250'><subfield code='a'>Genişletilmiş 2. baskı.</subfield></datafield><datafield ind1=' ' ind2='1' tag='264'><subfield code='a'>Trabzon :</subfield><subfield code='b'>Karadeniz Teknik Üniversitesi Yayınları,</subfield><subfield code='c'>2019.</subfield></datafield><datafield ind1=' ' ind2=' ' tag='300'><subfield code='a'>vi, 226 pages :</subfield><subfield code='b'>illustrations ;</subfield><subfield code='c'>29 cm</subfield></datafield><datafield ind1=' ' ind2=' ' tag='336'><subfield code='a'>text</subfield><subfield code='b'>txt</subfield><subfield code='2'>rdacontent</subfield></datafield><datafield ind1=' ' ind2=' ' tag='337'><subfield code='a'>unmediated</subfield><subfield code='b'>n</subfield><subfield code='2'>rdamedia</subfield></datafield><datafield ind1=' ' ind2=' ' tag='338'><subfield code='a'>volume</subfield><subfield code='b'>nc</subfield><subfield code='2'>rdacarrier</subfield></datafield><datafield ind1=' ' ind2=' ' tag='504'><subfield code='a'>Includes bibliographical references.</subfield></datafield><datafield ind1=' ' ind2='0' tag='650'><subfield code='a'>Textile printing</subfield><subfield code='z'>Turkey.</subfield></datafield><datafield ind1=' ' ind2='0' tag='650'><subfield code='a'>Textile design</subfield><subfield code='x'>Themes, motives.</subfield></datafield><datafield ind1=' ' ind2='7' tag='650'><subfield code='a'>Textile design</subfield><subfield code='x'>Themes, motives.</subfield><subfield code='2'>fast</subfield><subfield code='0'>(OCoLC)fst01148631</subfield></datafield><datafield ind1=' ' ind2='7' tag='650'><subfield code='a'>Textile printing.</subfield><subfield code='2'>fast</subfield><subfield code='0'>(OCoLC)fst01148939</subfield></datafield><datafield ind1=' ' ind2='7' tag='651'><subfield code='a'>Turkey.</subfield><subfield code='2'>fast</subfield><subfield code='0'>(OCoLC)fst01208963</subfield></datafield><datafield ind1='1' ind2=' ' tag='700'><subfield code='a'>Ünal, Hamdi,</subfield><subfield code='e'>editor.</subfield><subfield code='4'>http://id.loc.gov/vocabulary/relators/edt</subfield><subfield code='0'>http://id.loc.gov/authorities/names/no2021026687</subfield></datafield><datafield ind1='1' ind2=' ' tag='700'><subfield code='a'>Aydın, Nazmiye,</subfield><subfield code='e'>editor,</subfield><subfield code='e'>author.</subfield><subfield code='4'>http://id.loc.gov/vocabulary/relators/edt</subfield><subfield code='4'>http://id.loc.gov/vocabulary/relators/aut</subfield><subfield code='0'>http://id.loc.gov/authorities/names/no2021026689</subfield></datafield><datafield ind1=' ' ind2=' ' tag='901'><subfield code='a'>b030eade-7a8f-4b63-b730-29b27e70671e</subfield><subfield code='b'>25</subfield><subfield code='c'>false</subfield></datafield><datafield ind1='0' ind2='0' tag='852'><subfield code='h'>TS1411 .Y39 2019g</subfield><subfield code='0'>14994447</subfield><subfield code='b'>scsbcul</subfield></datafield><datafield ind1=' ' ind2=' ' tag='876'><subfield code='0'>14994447</subfield><subfield code='a'>21455532</subfield><subfield code='h'>In Library Use</subfield><subfield code='j'>Available</subfield><subfield code='p'>AR02421127</subfield><subfield code='t'>1</subfield><subfield code='x'>Open</subfield><subfield code='z'>AR</subfield><subfield code='l'>RECAP</subfield></datafield></record>