
<record><leader>01397cam a2200373 a 4500</leader><controlfield tag='001'>SCSB-2597498</controlfield><controlfield tag='003'>NNC</controlfield><controlfield tag='005'>20220525210920.0</controlfield><controlfield tag='008'>871201t19881988ilua     b    001 0 eng  </controlfield><controlfield tag='009'>613586</controlfield><datafield ind1=' ' ind2=' ' tag='010'><subfield code='a'>   86032804 </subfield></datafield><datafield ind1=' ' ind2=' ' tag='020'><subfield code='a'>0030034744</subfield></datafield><datafield ind1=' ' ind2=' ' tag='035'><subfield code='a'>(OCoLC)15015460</subfield></datafield><datafield ind1=' ' ind2=' ' tag='035'><subfield code='a'>(OCoLC)ocm15015460</subfield></datafield><datafield ind1=' ' ind2=' ' tag='035'><subfield code='a'>(CStRLIN)NYCG87-B93401</subfield></datafield><datafield ind1=' ' ind2=' ' tag='035'><subfield code='9'>ACR8883CU</subfield></datafield><datafield ind1=' ' ind2=' ' tag='035'><subfield code='a'>(NNC)613586</subfield></datafield><datafield ind1=' ' ind2=' ' tag='035'><subfield code='a'>613586</subfield></datafield><datafield ind1='0' ind2='0' tag='050'><subfield code='a'>HF1411</subfield><subfield code='b'>.Y34 1988</subfield></datafield><datafield ind1='0' ind2=' ' tag='082'><subfield code='a'>337</subfield><subfield code='2'>19</subfield></datafield><datafield ind1=' ' ind2=' ' tag='090'><subfield code='a'>HF1411</subfield><subfield code='b'>.Y34 1988</subfield></datafield><datafield ind1='1' ind2=' ' tag='100'><subfield code='a'>Yarbrough, Beth V.</subfield><subfield code='0'>http://id.loc.gov/authorities/names/n85329968</subfield></datafield><datafield ind1='1' ind2='4' tag='245'><subfield code='a'>The world economy :</subfield><subfield code='b'>trade and finance /</subfield><subfield code='c'>Beth V. Yarbrough, Robert M. Yarbrough.</subfield></datafield><datafield ind1=' ' ind2=' ' tag='260'><subfield code='a'>Chicago :</subfield><subfield code='b'>Dryden Press,</subfield><subfield code='c'>[1988], ©1988.</subfield></datafield><datafield ind1=' ' ind2=' ' tag='300'><subfield code='a'>xxii, 666 pages :</subfield><subfield code='b'>illustrations ;</subfield><subfield code='c'>24 cm</subfield></datafield><datafield ind1=' ' ind2=' ' tag='336'><subfield code='a'>text</subfield><subfield code='2'>rdacontent</subfield></datafield><datafield ind1=' ' ind2=' ' tag='337'><subfield code='a'>unmediated</subfield><subfield code='2'>rdamedia</subfield></datafield><datafield ind1=' ' ind2=' ' tag='338'><subfield code='a'>volume</subfield><subfield code='2'>rdacarrier</subfield></datafield><datafield ind1=' ' ind2=' ' tag='504'><subfield code='a'>Includes bibliographies and index.</subfield></datafield><datafield ind1=' ' ind2='0' tag='650'><subfield code='a'>Commercial policy.</subfield><subfield code='0'>http://id.loc.gov/authorities/subjects/sh85028953</subfield></datafield><datafield ind1=' ' ind2='0' tag='650'><subfield code='a'>International finance.</subfield><subfield code='0'>http://id.loc.gov/authorities/subjects/sh85067405</subfield></datafield><datafield ind1=' ' ind2='0' tag='650'><subfield code='a'>International economic relations.</subfield><subfield code='0'>http://id.loc.gov/authorities/subjects/sh85067395</subfield></datafield><datafield ind1=' ' ind2='0' tag='650'><subfield code='a'>Economic policy.</subfield><subfield code='0'>http://id.loc.gov/authorities/subjects/sh85040837</subfield></datafield><datafield ind1='1' ind2=' ' tag='700'><subfield code='a'>Yarbrough, Robert M.</subfield><subfield code='0'>http://id.loc.gov/authorities/names/n85329969</subfield></datafield><datafield ind1='0' ind2='0' tag='852'><subfield code='h'>HF1411 .Y34 1988</subfield><subfield code='0'>2574891</subfield><subfield code='b'>scsbcul</subfield></datafield><datafield ind1=' ' ind2=' ' tag='876'><subfield code='0'>2574891</subfield><subfield code='a'>4108173</subfield><subfield code='h'> </subfield><subfield code='j'>Available</subfield><subfield code='p'>CU24651460</subfield><subfield code='t'>1</subfield><subfield code='x'>Shared</subfield><subfield code='z'>CU</subfield><subfield code='l'>RECAP</subfield></datafield></record>