
<record><leader>00933pam a22003134a 4500</leader><controlfield tag='001'>SCSB-8698427</controlfield><controlfield tag='003'>OCoLC</controlfield><controlfield tag='005'>20010223153042.3</controlfield><controlfield tag='008'>000601s2000    nyu           001 0 eng  </controlfield><controlfield tag='009'>.b149410864</controlfield><datafield ind1=' ' ind2=' ' tag='010'><subfield code='a'>00040955</subfield></datafield><datafield ind1=' ' ind2=' ' tag='020'><subfield code='a'>0066620708 (alk. paper)</subfield></datafield><datafield ind1=' ' ind2=' ' tag='040'><subfield code='a'>DLC</subfield><subfield code='c'>DLC</subfield><subfield code='d'>NYP</subfield><subfield code='d'>WaOLN</subfield></datafield><datafield ind1=' ' ind2=' ' tag='042'><subfield code='a'>pcc</subfield></datafield><datafield ind1=' ' ind2=' ' tag='049'><subfield code='a'>NYPS</subfield></datafield><datafield ind1='0' ind2='0' tag='050'><subfield code='a'>HF5415.5</subfield><subfield code='b'>.S59 2000</subfield></datafield><datafield ind1='0' ind2='0' tag='082'><subfield code='a'>658.8/12</subfield><subfield code='2'>21</subfield></datafield><datafield ind1='1' ind2=' ' tag='100'><subfield code='a'>Smith, Ellen Reid.</subfield></datafield><datafield ind1='1' ind2='0' tag='245'><subfield code='a'>e-Loyalty :</subfield><subfield code='b'>how to keep customers coming back to your website /</subfield><subfield code='c'>Ellen Reid Smith.</subfield></datafield><datafield ind1=' ' ind2=' ' tag='250'><subfield code='a'>1st ed.</subfield></datafield><datafield ind1=' ' ind2=' ' tag='260'><subfield code='a'>New York :</subfield><subfield code='b'>HarperBusiness,</subfield><subfield code='c'>c2000.</subfield></datafield><datafield ind1=' ' ind2=' ' tag='300'><subfield code='a'>xvi, 287 p. ;</subfield><subfield code='c'>25 cm.</subfield></datafield><datafield ind1=' ' ind2=' ' tag='500'><subfield code='a'>Includes index.</subfield></datafield><datafield ind1=' ' ind2='0' tag='650'><subfield code='a'>Customer loyalty.</subfield></datafield><datafield ind1=' ' ind2='0' tag='650'><subfield code='a'>Electronic commerce.</subfield></datafield><datafield ind1=' ' ind2=' ' tag='907'><subfield code='a'>.b149410864</subfield><subfield code='c'>m</subfield><subfield code='d'>a</subfield><subfield code='e'>-</subfield><subfield code='f'>eng</subfield><subfield code='g'>nyu</subfield><subfield code='h'>0</subfield><subfield code='i'>1</subfield></datafield><datafield ind1=' ' ind2=' ' tag='035'><subfield code='a'>(OCoLC)44391493</subfield></datafield><datafield ind1='8' ind2=' ' tag='852'><subfield code='h'>JBE 01-428</subfield><subfield code='0'>8858746</subfield><subfield code='b'>scsbnypl</subfield></datafield><datafield ind1=' ' ind2=' ' tag='876'><subfield code='0'>8858746</subfield><subfield code='a'>14420988</subfield><subfield code='j'>Available</subfield><subfield code='p'>33433034212864</subfield><subfield code='t'>1</subfield><subfield code='x'>Shared</subfield><subfield code='z'>NA</subfield><subfield code='l'>RECAP</subfield></datafield></record>