
<record><leader>00000cam a2200277ua 4500</leader><controlfield tag='001'>SCSB-12603374</controlfield><controlfield tag='005'>20100210134131.0</controlfield><controlfield tag='008'>091127s2009    ie a          000 0deng d</controlfield><controlfield tag='009'>990121776940203941</controlfield><datafield ind1=' ' ind2=' ' tag='020'><subfield code='a'>190578564X</subfield></datafield><datafield ind1=' ' ind2=' ' tag='020'><subfield code='a'>9781905785643</subfield></datafield><datafield ind1=' ' ind2=' ' tag='035'><subfield code='a'>(OCoLC)471050237</subfield></datafield><datafield ind1=' ' ind2=' ' tag='040'><subfield code='a'>BWK</subfield><subfield code='c'>BWK</subfield><subfield code='d'>YDXCP</subfield><subfield code='d'>HLS</subfield></datafield><datafield ind1=' ' ind2=' ' tag='043'><subfield code='a'>e-ie---</subfield></datafield><datafield ind1=' ' ind2='4' tag='050'><subfield code='a'>HQ1600.3</subfield></datafield><datafield ind1=' ' ind2=' ' tag='082'><subfield code='a'>305.4</subfield></datafield><datafield ind1='1' ind2=' ' tag='100'><subfield code='a'>Gunning, Ellen</subfield></datafield><datafield ind1='1' ind2='0' tag='245'><subfield code='a'>Capital women of influence :</subfield><subfield code='b'>profiles of 13 inspirational Irish women /</subfield><subfield code='c'>Ellen Gunning.</subfield></datafield><datafield ind1=' ' ind2=' ' tag='260'><subfield code='a'>Dublin :</subfield><subfield code='b'>Liffey Press</subfield><subfield code='c'>c2009.</subfield></datafield><datafield ind1=' ' ind2=' ' tag='300'><subfield code='a'>xiv, 223 p. :</subfield><subfield code='b'>ill. ;</subfield><subfield code='c'>22 cm.</subfield></datafield><datafield ind1='1' ind2=' ' tag='520'><subfield code='a'>&quot;Capital Women of Influence profiles thirteen women, well known and well established in their fields, who exercise power and influence in Dublin. Each woman is different from the other, but all are genuinely open and utterly fascinating.^</subfield></datafield><datafield ind1='1' ind2=' ' tag='520'><subfield code='a'>They discuss their families and earliest influences, their career choices, their partners and children, their successes to date and the challenges that lie ahead.&quot; &quot;The depth of information gathered gives a great insight into each of the women: Betty Ashe, community activist, who has spent 40 years working on the rejuvenation of the Dublin Docklands area; Pauline Bewick, one of Ireland&apos;s most prolific artists, who donated 200 pieces to the state and has travelled to the South Pacific and Greece in search of inspiration; Evelyn Byrne, former Lord Mayor of Dublin, who has an overwhelming desire to &apos;leave a mark&apos; on society; Patricia Callan, Director of the Small Firms Association who thrives on new challenges, Anne Harris, Deputy Editor of the Sunday Independent and one of the most influential women in media today; Danuta Gray, CEO of 02, who is passionate about physics, customer care and Ireland, Dr.^</subfield></datafield><datafield ind1='1' ind2=' ' tag='520'><subfield code='a'>Veronica Dunne, opera singer and teacher, whose advice to her students is &apos;don&apos;t get married&apos;; Ivana Bacik, Reid Professor of Law at Trinity College, Senator, barrister, campaigner and mother; Maree Morrissey, who was a Walt Disney artist, advertising salesperson, classical pianist and band member, before she began publishing Irish Entrepreneur; Christina Noble, Founder of Christina Noble Children&apos;s Foundation, whose work has saved lives in Vietnam and Mongolia; Mary O&apos;Rourke TD, former Minister and leader of the Seanad, who gives a very open and honest description of the death of her husband Enda and her continuing desire to represent her people; Gina Quinn, CEO of Dublin Chamber of Commerce, who is passionate about education, helping people and Dublin City; and Caroline Downey, founder of the Childline Annual Concert and Ireland&apos;s &apos;queen of fundraising&apos;.&quot;--Jacket.</subfield></datafield><datafield ind1=' ' ind2='0' tag='650'><subfield code='a'>Women</subfield><subfield code='z'>Ireland</subfield><subfield code='v'>Biography.</subfield></datafield><datafield ind1=' ' ind2='0' tag='651'><subfield code='a'>Ireland</subfield><subfield code='v'>Biography.</subfield></datafield><datafield ind1=' ' ind2='7' tag='655'><subfield code='a'>Biographies</subfield><subfield code='2'>fast</subfield></datafield><datafield ind1=' ' ind2=' ' tag='901'><subfield code='a'>28889cf0-db04-4052-82fd-5dc9d416edbd</subfield><subfield code='b'>25</subfield><subfield code='c'>false</subfield></datafield><datafield ind1='0' ind2=' ' tag='852'><subfield code='c'>HD</subfield><subfield code='h'>HQ1600.3</subfield><subfield code='0'>13445998</subfield><subfield code='b'>scsbhl</subfield></datafield><datafield ind1=' ' ind2=' ' tag='876'><subfield code='0'>13445998</subfield><subfield code='a'>19262428</subfield><subfield code='h'> </subfield><subfield code='j'>Available</subfield><subfield code='k'>WID</subfield><subfield code='p'>32044113252373</subfield><subfield code='x'>Open</subfield><subfield code='z'>HW</subfield><subfield code='l'>HD</subfield></datafield></record>