
<record><leader>03134cjm a2200601 i 4500</leader><controlfield tag='001'>SCSB-14297452</controlfield><controlfield tag='003'>NNC</controlfield><controlfield tag='005'>20240626183255.0</controlfield><controlfield tag='007'>sd fungnnumned</controlfield><controlfield tag='008'>220815p20212020nyumunn  z        n zxx d</controlfield><controlfield tag='009'>16696091</controlfield><datafield ind1=' ' ind2=' ' tag='035'><subfield code='a'>(OCoLC)on1341154336</subfield></datafield><datafield ind1=' ' ind2=' ' tag='035'><subfield code='a'>(OCoLC)1341154336</subfield></datafield><datafield ind1=' ' ind2=' ' tag='035'><subfield code='a'>16696091</subfield></datafield><datafield ind1=' ' ind2=' ' tag='040'><subfield code='a'>ZCU</subfield><subfield code='b'>eng</subfield><subfield code='e'>rda</subfield><subfield code='c'>ZCU</subfield></datafield><datafield ind1='0' ind2=' ' tag='041'><subfield code='g'>eng</subfield></datafield><datafield ind1=' ' ind2=' ' tag='047'><subfield code='a'>sp</subfield><subfield code='a'>uu</subfield></datafield><datafield ind1=' ' ind2=' ' tag='049'><subfield code='a'>ZCUA</subfield></datafield><datafield ind1='0' ind2='0' tag='245'><subfield code='a'>NY Phil plays on :</subfield><subfield code='b'>Berlioz &amp; Reid.</subfield></datafield><datafield ind1='3' ind2=' ' tag='246'><subfield code='a'>NY Phil plays on :</subfield><subfield code='b'>Berlioz and Reid</subfield></datafield><datafield ind1=' ' ind2='1' tag='264'><subfield code='a'>New York :</subfield><subfield code='b'>Philharmonic-Symphony Society of New York,</subfield><subfield code='c'>[2021]</subfield></datafield><datafield ind1=' ' ind2='4' tag='264'><subfield code='c'>©2021</subfield></datafield><datafield ind1=' ' ind2=' ' tag='300'><subfield code='a'>1 audio disc (61 min., 33 sec.) :</subfield><subfield code='b'>CD audio ;</subfield><subfield code='c'>4 3/4 in.</subfield></datafield><datafield ind1=' ' ind2=' ' tag='336'><subfield code='a'>performed music</subfield><subfield code='b'>prm</subfield><subfield code='2'>rdacontent</subfield></datafield><datafield ind1=' ' ind2=' ' tag='337'><subfield code='a'>audio</subfield><subfield code='b'>s</subfield><subfield code='2'>rdamedia</subfield></datafield><datafield ind1=' ' ind2=' ' tag='338'><subfield code='a'>audio disc</subfield><subfield code='b'>sd</subfield><subfield code='2'>rdacarrier</subfield></datafield><datafield ind1=' ' ind2=' ' tag='344'><subfield code='a'>digital</subfield><subfield code='2'>rdatr</subfield></datafield><datafield ind1=' ' ind2=' ' tag='344'><subfield code='b'>optical</subfield><subfield code='2'>rdarm</subfield></datafield><datafield ind1=' ' ind2=' ' tag='344'><subfield code='c'>1.4 m/s</subfield></datafield><datafield ind1=' ' ind2=' ' tag='347'><subfield code='a'>audio file</subfield><subfield code='2'>rdaft</subfield></datafield><datafield ind1=' ' ind2=' ' tag='347'><subfield code='b'>CD audio</subfield></datafield><datafield ind1='0' ind2='1' tag='382'><subfield code='b'>soprano voice</subfield><subfield code='n'>3</subfield><subfield code='a'>orchestra</subfield><subfield code='e'>1</subfield><subfield code='r'>3</subfield><subfield code='t'>1</subfield><subfield code='2'>lcmpt</subfield></datafield><datafield ind1='0' ind2='1' tag='382'><subfield code='a'>orchestra</subfield><subfield code='e'>1</subfield><subfield code='t'>1</subfield><subfield code='2'>lcmpt</subfield></datafield><datafield ind1=' ' ind2=' ' tag='500'><subfield code='a'>Title from disc label</subfield></datafield><datafield ind1=' ' ind2=' ' tag='500'><subfield code='a'>For 3 sopranos, singing wordless vocalizations, and orchestra (1st work); for orchestra (2nd work)</subfield></datafield><datafield ind1=' ' ind2=' ' tag='500'><subfield code='a'>The 1st work Commissioned as part of the New York Philharmonic&apos;s Project 19</subfield></datafield><datafield ind1=' ' ind2=' ' tag='500'><subfield code='a'>A gift to donors issued during the COVID-19 shut down</subfield></datafield><datafield ind1=' ' ind2=' ' tag='500'><subfield code='a'>&quot;Not for sale. For promotional use only&quot;</subfield></datafield><datafield ind1='0' ind2=' ' tag='511'><subfield code='a'>Eliza Bagg, Martha Cluver, Esteli Gomez, sopranos (1st work) : New York Philharmonic ; Jaap van Zweden, conductor</subfield></datafield><datafield ind1=' ' ind2=' ' tag='518'><subfield code='a'>Recorded in New York City, David Geffen Hall at Lincoln Center for the Performing Arts: Berlioz (2nd work) October 3-5, 2019; Reid (1st work) February 20-22, 2020</subfield></datafield><datafield ind1='0' ind2=' ' tag='505'><subfield code='a'>When the World as you&apos;ve known it doesn&apos;t exist / Ellen Reid (11:03) -- Symphonie fantastique : Episode de la vie d&apos;un artiste, op. 14 (50:30)</subfield></datafield><datafield ind1=' ' ind2='0' tag='650'><subfield code='a'>Vocalises (Vocal trios) with orchestra.</subfield></datafield><datafield ind1=' ' ind2='0' tag='650'><subfield code='a'>Symphonic poems.</subfield><subfield code='0'>http://id.loc.gov/authorities/subjects/sh85131460</subfield></datafield><datafield ind1=' ' ind2='7' tag='655'><subfield code='a'>Vocalises.</subfield><subfield code='2'>lcgft</subfield><subfield code='0'>http://id.loc.gov/authorities/genreForms/gf2014027164</subfield></datafield><datafield ind1=' ' ind2='7' tag='655'><subfield code='a'>Symphonic poems.</subfield><subfield code='2'>lcgft</subfield><subfield code='0'>http://id.loc.gov/authorities/genreForms/gf2014027120</subfield></datafield><datafield ind1='1' ind2=' ' tag='700'><subfield code='a'>Bagg, Eliza,</subfield><subfield code='e'>singer.</subfield><subfield code='4'>http://id.loc.gov/vocabulary/relators/sng</subfield><subfield code='0'>http://id.loc.gov/authorities/names/no2016111980</subfield></datafield><datafield ind1='1' ind2=' ' tag='700'><subfield code='a'>Cluver, Martha,</subfield><subfield code='e'>singer.</subfield><subfield code='4'>http://id.loc.gov/vocabulary/relators/sng</subfield><subfield code='0'>http://id.loc.gov/authorities/names/no2007056859</subfield></datafield><datafield ind1='1' ind2=' ' tag='700'><subfield code='a'>Gomez, Estelí.</subfield><subfield code='0'>http://id.loc.gov/authorities/names/no2016005629</subfield></datafield><datafield ind1='1' ind2=' ' tag='700'><subfield code='a'>Zweden, Jaap van,</subfield><subfield code='e'>conductor.</subfield><subfield code='4'>http://id.loc.gov/vocabulary/relators/cnd</subfield><subfield code='0'>http://id.loc.gov/authorities/names/nr91031025</subfield></datafield><datafield ind1='1' ind2='2' tag='700'><subfield code='i'>Container of (work):</subfield><subfield code='a'>Reid, Ellen</subfield><subfield code='c'>(Composer).</subfield><subfield code='t'>When the World as you&apos;ve known it doesn&apos;t exist.</subfield></datafield><datafield ind1='1' ind2='2' tag='700'><subfield code='i'>Container of (work):</subfield><subfield code='a'>Berlioz, Hector,</subfield><subfield code='d'>1803-1869.</subfield><subfield code='t'>Symphonie fantastique.</subfield><subfield code='0'>http://id.loc.gov/authorities/names/n81085317</subfield></datafield><datafield ind1='2' ind2=' ' tag='710'><subfield code='a'>New York Philharmonic,</subfield><subfield code='e'>instrumentalist.</subfield><subfield code='4'>http://id.loc.gov/vocabulary/relators/itr</subfield><subfield code='0'>http://id.loc.gov/authorities/names/n81139912</subfield></datafield><datafield ind1='8' ind2='0' tag='852'><subfield code='h'>COMPACT DISC</subfield><subfield code='0'>15243983</subfield><subfield code='b'>scsbcul</subfield></datafield><datafield ind1=' ' ind2=' ' tag='876'><subfield code='0'>15243983</subfield><subfield code='a'>21768266</subfield><subfield code='h'>In Library Use</subfield><subfield code='j'>Available</subfield><subfield code='p'>MR00459020</subfield><subfield code='t'>1</subfield><subfield code='x'>Shared</subfield><subfield code='z'>MR</subfield><subfield code='l'>RECAP</subfield></datafield></record>