
<record><leader>03236cjm a2200613 a 4500</leader><controlfield tag='001'>SCSB-2666737</controlfield><controlfield tag='003'>NNC</controlfield><controlfield tag='005'>20220525230246.0</controlfield><controlfield tag='007'>sd bsmennmpln</controlfield><controlfield tag='008'>880218p19871986nyumu    abefhi         d</controlfield><controlfield tag='009'>705733</controlfield><datafield ind1='0' ind2='2' tag='028'><subfield code='a'>NW 334</subfield><subfield code='b'>New World Records</subfield></datafield><datafield ind1='2' ind2=' ' tag='033'><subfield code='a'>19861217</subfield><subfield code='a'>19861219</subfield><subfield code='b'>3804</subfield><subfield code='c'>N4</subfield></datafield><datafield ind1=' ' ind2=' ' tag='035'><subfield code='a'>(OCoLC)506649317</subfield></datafield><datafield ind1=' ' ind2=' ' tag='035'><subfield code='a'>(OCoLC)ocn506649317</subfield></datafield><datafield ind1=' ' ind2=' ' tag='035'><subfield code='a'>(CStRLIN)NYCG88-R99</subfield></datafield><datafield ind1=' ' ind2=' ' tag='035'><subfield code='9'>ADB6487CU</subfield></datafield><datafield ind1=' ' ind2=' ' tag='035'><subfield code='a'>(NNC)705733</subfield></datafield><datafield ind1=' ' ind2=' ' tag='035'><subfield code='a'>705733</subfield></datafield><datafield ind1=' ' ind2=' ' tag='040'><subfield code='a'>NIC</subfield><subfield code='c'>NIC</subfield><subfield code='d'>NNC</subfield></datafield><datafield ind1='0' ind2=' ' tag='041'><subfield code='g'>eng</subfield></datafield><datafield ind1='1' ind2=' ' tag='045'><subfield code='b'>d1945</subfield><subfield code='b'>d1954</subfield><subfield code='b'>d1926</subfield><subfield code='b'>d1968</subfield><subfield code='b'>d1980</subfield></datafield><datafield ind1=' ' ind2=' ' tag='047'><subfield code='a'>nc</subfield><subfield code='a'>rd</subfield><subfield code='a'>sn</subfield><subfield code='a'>su</subfield><subfield code='a'>zz</subfield></datafield><datafield ind1=' ' ind2=' ' tag='048'><subfield code='a'>sa01</subfield><subfield code='a'>ka01</subfield></datafield><datafield ind1=' ' ind2=' ' tag='048'><subfield code='a'>sa01</subfield></datafield><datafield ind1='1' ind2=' ' tag='100'><subfield code='a'>Davidovici, Robert,</subfield><subfield code='e'>performer.</subfield><subfield code='4'>http://id.loc.gov/vocabulary/relators/prf</subfield><subfield code='0'>http://id.loc.gov/authorities/names/n90620249</subfield></datafield><datafield ind1='1' ind2='0' tag='245'><subfield code='a'>Robert Davidovici, violin.</subfield></datafield><datafield ind1=' ' ind2=' ' tag='260'><subfield code='a'>New York, N.Y. :</subfield><subfield code='b'>New World Records,</subfield><subfield code='c'>[1987], ℗1987.</subfield></datafield><datafield ind1=' ' ind2=' ' tag='300'><subfield code='a'>1 audio disc :</subfield><subfield code='b'>analog, 33 1/3 rpm, stereo ;</subfield><subfield code='c'>12 in.</subfield></datafield><datafield ind1=' ' ind2=' ' tag='306'><subfield code='a'>001139</subfield><subfield code='a'>001502</subfield><subfield code='a'>000808</subfield><subfield code='a'>000759</subfield><subfield code='a'>001527</subfield></datafield><datafield ind1=' ' ind2=' ' tag='336'><subfield code='a'>performed music</subfield><subfield code='2'>rdacontent</subfield></datafield><datafield ind1=' ' ind2=' ' tag='337'><subfield code='a'>audio</subfield><subfield code='2'>rdamedia</subfield></datafield><datafield ind1=' ' ind2=' ' tag='338'><subfield code='a'>audio disc</subfield><subfield code='2'>rdacarrier</subfield></datafield><datafield ind1=' ' ind2=' ' tag='500'><subfield code='a'>For violin and piano or violin alone (4th work); the 1st work originally for violin and harpsichord.</subfield></datafield><datafield ind1=' ' ind2=' ' tag='500'><subfield code='a'>Title from container.</subfield></datafield><datafield ind1=' ' ind2=' ' tag='500'><subfield code='a'>Digital recording.</subfield></datafield><datafield ind1=' ' ind2=' ' tag='500'><subfield code='a'>On container: Recorded Anthology of American Music, Inc.</subfield></datafield><datafield ind1='0' ind2=' ' tag='511'><subfield code='a'>Robert Davidovici, violin; Steven De Groote (1st-3rd works), Paul Schoenfield (5th work), piano.</subfield></datafield><datafield ind1=' ' ind2=' ' tag='518'><subfield code='a'>Recorded Dec. 17-19, 1986 at RCA Studio A, New York.</subfield></datafield><datafield ind1=' ' ind2=' ' tag='500'><subfield code='a'>Editions recorded: Boosey &amp; Hawkes (Piston, Copland); AMP (Schuller); Oxford (Aitken); G. Schirmer (Schoenfield).</subfield></datafield><datafield ind1=' ' ind2=' ' tag='500'><subfield code='a'>Program notes by Kyle Gann, selected bibliography and selected discography on container.</subfield></datafield><datafield ind1='0' ind2=' ' tag='505'><subfield code='a'>Sonatina / Walter Piston (11:39) -- Recitative and rondo / Gunther Schuller (15:02) -- Nocturne / Aaron Copland (8:08) -- Partita for solo violin / Hugh Aitken (7:59) -- Three country fiddle pieces: Who let the cat out last night? (3:24) ; Pining for Betsy (6:24) ; En Cuidad Juarez (5:39) / Paul Schoenfield.</subfield></datafield><datafield ind1=' ' ind2=' ' tag='500'><subfield code='a'>Also available as compact disc.</subfield></datafield><datafield ind1=' ' ind2='0' tag='650'><subfield code='a'>Sonatas (Violin and piano)</subfield><subfield code='0'>http://id.loc.gov/authorities/subjects/sh85125004</subfield></datafield><datafield ind1=' ' ind2='0' tag='650'><subfield code='a'>Violin and piano music.</subfield><subfield code='0'>http://id.loc.gov/authorities/subjects/sh85143580</subfield></datafield><datafield ind1=' ' ind2='0' tag='650'><subfield code='a'>Suites (Violin)</subfield><subfield code='0'>http://id.loc.gov/authorities/subjects/sh85130232</subfield></datafield><datafield ind1='1' ind2=' ' tag='700'><subfield code='a'>De Groote, Steven,</subfield><subfield code='d'>1954-1989,</subfield><subfield code='e'>performer.</subfield><subfield code='4'>http://id.loc.gov/vocabulary/relators/prf</subfield><subfield code='0'>http://id.loc.gov/authorities/names/n81015027</subfield></datafield><datafield ind1='1' ind2=' ' tag='700'><subfield code='a'>Schoenfield, Paul,</subfield><subfield code='e'>performer.</subfield><subfield code='4'>http://id.loc.gov/vocabulary/relators/prf</subfield><subfield code='0'>http://id.loc.gov/authorities/names/n85091671</subfield></datafield><datafield ind1='1' ind2='2' tag='700'><subfield code='a'>Piston, Walter,</subfield><subfield code='d'>1894-1976.</subfield><subfield code='t'>Sonatina,</subfield><subfield code='m'>violin, harpsichord.</subfield><subfield code='f'>1987.</subfield></datafield><datafield ind1='1' ind2='2' tag='700'><subfield code='a'>Schuller, Gunther.</subfield><subfield code='t'>Recitative and rondo,</subfield><subfield code='m'>violin, piano,</subfield><subfield code='n'>op. 21.</subfield><subfield code='f'>1987.</subfield></datafield><datafield ind1='1' ind2='2' tag='700'><subfield code='a'>Copland, Aaron,</subfield><subfield code='d'>1900-1990.</subfield><subfield code='t'>Pieces,</subfield><subfield code='m'>violin, piano.</subfield><subfield code='p'>Nocturne.</subfield><subfield code='f'>1987.</subfield></datafield><datafield ind1='1' ind2='2' tag='700'><subfield code='a'>Aitken, Hugh.</subfield><subfield code='t'>Partitas,</subfield><subfield code='m'>violin.</subfield><subfield code='f'>1987.</subfield></datafield><datafield ind1='1' ind2='2' tag='700'><subfield code='a'>Schoenfield, Paul.</subfield><subfield code='t'>Country fiddle pieces.</subfield><subfield code='f'>1987.</subfield></datafield><datafield ind1='2' ind2=' ' tag='710'><subfield code='a'>Recorded Anthology of American Music, Inc.</subfield><subfield code='0'>http://id.loc.gov/authorities/names/n85174272</subfield></datafield><datafield ind1='8' ind2='0' tag='852'><subfield code='h'>LS4821</subfield><subfield code='0'>2644756</subfield><subfield code='b'>scsbcul</subfield></datafield><datafield ind1=' ' ind2=' ' tag='876'><subfield code='0'>2644756</subfield><subfield code='a'>4194582</subfield><subfield code='h'>In Library Use</subfield><subfield code='j'>Available</subfield><subfield code='p'>MR59050691</subfield><subfield code='t'>1</subfield><subfield code='x'>Shared</subfield><subfield code='z'>MR</subfield><subfield code='l'>RECAP</subfield></datafield></record>