
<record><leader>00000pam a2200361 i 4500</leader><controlfield tag='001'>SCSB-11298019</controlfield><controlfield tag='005'>20170731224906.0</controlfield><controlfield tag='008'>170711s2017    ncua          001 0 eng  </controlfield><controlfield tag='009'>990150779510203941</controlfield><datafield ind1=' ' ind2=' ' tag='010'><subfield code='a'>^^2017020687</subfield></datafield><datafield ind1=' ' ind2=' ' tag='020'><subfield code='a'>9781476663760</subfield><subfield code='q'>paperback</subfield><subfield code='q'>alkaline paper</subfield></datafield><datafield ind1=' ' ind2=' ' tag='020'><subfield code='a'>1476663769</subfield><subfield code='q'>paperback</subfield><subfield code='q'>alkaline paper</subfield></datafield><datafield ind1=' ' ind2=' ' tag='035'><subfield code='a'>(OCoLC)959535405</subfield></datafield><datafield ind1=' ' ind2=' ' tag='040'><subfield code='a'>DLC</subfield><subfield code='b'>eng</subfield><subfield code='e'>rda</subfield><subfield code='c'>DLC</subfield><subfield code='d'>YDX</subfield><subfield code='d'>BTCTA</subfield><subfield code='d'>OCLCO</subfield><subfield code='d'>NhCcYBP</subfield></datafield><datafield ind1=' ' ind2=' ' tag='042'><subfield code='a'>pcc</subfield></datafield><datafield ind1='0' ind2='0' tag='050'><subfield code='a'>PN1995.9.H6</subfield><subfield code='b'>T95 2017</subfield></datafield><datafield ind1='0' ind2='0' tag='082'><subfield code='a'>791.43/617</subfield><subfield code='2'>23</subfield></datafield><datafield ind1='0' ind2='0' tag='245'><subfield code='a'>Twisted visions :</subfield><subfield code='b'>interviews with cult horror filmmakers /</subfield><subfield code='c'>[edited by] Matthew Edwards.</subfield></datafield><datafield ind1=' ' ind2='1' tag='264'><subfield code='a'>Jefferson, North Carolina :</subfield><subfield code='b'>McFarland &amp; Company, Inc., Publishers,</subfield><subfield code='c'>[2017]</subfield></datafield><datafield ind1=' ' ind2=' ' tag='300'><subfield code='a'>viii, 269 pages ;</subfield><subfield code='c'>26 cm</subfield></datafield><datafield ind1=' ' ind2=' ' tag='336'><subfield code='a'>text</subfield><subfield code='b'>txt</subfield><subfield code='2'>rdacontent</subfield></datafield><datafield ind1=' ' ind2=' ' tag='337'><subfield code='a'>unmediated</subfield><subfield code='b'>n</subfield><subfield code='2'>rdamedia</subfield></datafield><datafield ind1=' ' ind2=' ' tag='338'><subfield code='a'>volume</subfield><subfield code='b'>nc</subfield><subfield code='2'>rdacarrier</subfield></datafield><datafield ind1=' ' ind2=' ' tag='500'><subfield code='a'>Includes index.</subfield></datafield><datafield ind1=' ' ind2=' ' tag='520'><subfield code='a'>&quot;Horror and exploitation films have played a pioneering role in world cinema, with a number of controversial and surreal movies produced by renegade filmmakers. This collection of interviews sheds light on the work of 23 directors who defied the conventions of Hollywood and commercial cinema. More than 100 photographs are included, with rare behind-the-scenes images&quot;--</subfield><subfield code='c'>Provided by publisher.</subfield></datafield><datafield ind1='0' ind2=' ' tag='505'><subfield code='a'>A White Dress for Marialé and Nightmares in a Damaged Brain: An Interview with Romano Scavolini -- Schalcken the Painter: An Interview with Leslie Megahey -- Alice, Sweet Alice: An Interview with Alfred Sole -- Savage Weekend and Schizoid: An Interview with David Paulsen -- Drive-In Massacre: An Interview with Stu Segall -- Don&apos;t Go in the House: An Interview with Joseph Ellison -- Alone in the Dark and The Hidden: An Interview with Jack Sholder -- Sleepwalker: An Interview with Saxon Logan -- Gritty Streets: An Interview with Buddy Giovinazzo by Johannes Schönherr -- The Death King: An Interview with Jörg Buttgereit -- Born of Fire: An Interview with Jamil Dehlavi -- Noisy Requiem: An Interview with Yoshihiko Matsui -- Dark Waters: An Interview with Mariano Baino -- Aswang: An Interview with Barry Poltermann -- Uzumaki: An Interview with Higuchinsky -- Late Bloomer: An Interview with Go Shibata by Johannes Schönherr -- Outside Peering In: An Interview with Dante Tomaselli -- Horrific Offspring: An Interview with Andrew van den Houten -- Jug Face: An Interview with Chad Crawford Kinkle -- The Last Will and Testament of Rosalind Leigh: An Interview with Rodrigo Gudiño -- Off the Beaten Path: An Interview with Scott Schirmer -- Headless: An Interview with Arthur Cullipher -- Visions of German Angst: An Interview with Michal Kosakowski by Marcus Stiglegger.</subfield></datafield><datafield ind1=' ' ind2='0' tag='650'><subfield code='a'>Horror films</subfield><subfield code='x'>History and criticism</subfield></datafield><datafield ind1=' ' ind2='0' tag='650'><subfield code='a'>Motion picture producers and directors</subfield><subfield code='v'>Interviews</subfield></datafield><datafield ind1=' ' ind2='7' tag='655'><subfield code='a'>Criticism, interpretation, etc.</subfield><subfield code='2'>fast</subfield><subfield code='0'>(OCoLC)fst01411635</subfield></datafield><datafield ind1=' ' ind2='7' tag='655'><subfield code='a'>Interviews</subfield><subfield code='2'>fast</subfield><subfield code='0'>(OCoLC)fst01423832</subfield></datafield><datafield ind1='1' ind2=' ' tag='700'><subfield code='a'>Edwards, Matthew,</subfield><subfield code='d'>1978-</subfield><subfield code='e'>editor.</subfield></datafield><datafield ind1='1' ind2=' ' tag='583'><subfield code='a'>committed to retain</subfield><subfield code='c'>20181001</subfield><subfield code='d'>in perpetuity</subfield><subfield code='f'>ReCAP Shared Collection</subfield><subfield code='5'>HUL</subfield><subfield code='8'>222192528720003941</subfield></datafield><datafield ind1=' ' ind2=' ' tag='901'><subfield code='a'>a606c59e-7af9-4ffb-8587-c3324cf85d3b</subfield><subfield code='b'>29</subfield><subfield code='c'>false</subfield></datafield><datafield ind1='0' ind2=' ' tag='852'><subfield code='c'>HD</subfield><subfield code='h'>PN1995.9.H6</subfield><subfield code='i'>T95 2017</subfield><subfield code='0'>12102813</subfield><subfield code='b'>scsbhl</subfield></datafield><datafield ind1=' ' ind2=' ' tag='876'><subfield code='0'>12102813</subfield><subfield code='a'>17866991</subfield><subfield code='h'> </subfield><subfield code='j'>Available</subfield><subfield code='k'>WID</subfield><subfield code='p'>32044143811636</subfield><subfield code='x'>Shared</subfield><subfield code='z'>HW</subfield><subfield code='l'>HD</subfield></datafield></record>