
<record><leader>04288cjm a2200661Ia 4500</leader><controlfield tag='001'>SCSB-13622000</controlfield><controlfield tag='003'>NNC</controlfield><controlfield tag='005'>20221121220355.0</controlfield><controlfield tag='007'>sd fungnnmmneu</controlfield><controlfield tag='008'>061006p20062005nyumun   abefi      zxx d</controlfield><controlfield tag='009'>5976797</controlfield><datafield ind1='1' ind2=' ' tag='024'><subfield code='a'>093228064121</subfield></datafield><datafield ind1='0' ind2='2' tag='028'><subfield code='a'>80641-2</subfield><subfield code='b'>New World Records</subfield></datafield><datafield ind1='2' ind2='0' tag='033'><subfield code='a'>20050809</subfield><subfield code='a'>20050824</subfield><subfield code='b'>4164</subfield><subfield code='c'>M467</subfield></datafield><datafield ind1=' ' ind2=' ' tag='035'><subfield code='a'>(OCoLC)ocm72044224</subfield></datafield><datafield ind1=' ' ind2=' ' tag='035'><subfield code='a'>(NNC)5976797</subfield></datafield><datafield ind1=' ' ind2=' ' tag='035'><subfield code='a'>5976797</subfield></datafield><datafield ind1=' ' ind2=' ' tag='040'><subfield code='a'>MDY</subfield><subfield code='c'>MDY</subfield></datafield><datafield ind1='0' ind2=' ' tag='041'><subfield code='g'>eng</subfield></datafield><datafield ind1=' ' ind2=' ' tag='043'><subfield code='a'>n-us---</subfield></datafield><datafield ind1='2' ind2=' ' tag='045'><subfield code='b'>d1923</subfield><subfield code='b'>d1996</subfield></datafield><datafield ind1=' ' ind2=' ' tag='047'><subfield code='a'>sn</subfield><subfield code='a'>su</subfield><subfield code='a'>nc</subfield><subfield code='a'>zz</subfield></datafield><datafield ind1=' ' ind2=' ' tag='048'><subfield code='a'>sa01</subfield><subfield code='a'>ka01</subfield></datafield><datafield ind1=' ' ind2=' ' tag='048'><subfield code='a'>sa01</subfield></datafield><datafield ind1=' ' ind2=' ' tag='048'><subfield code='a'>sa01</subfield><subfield code='a'>eb</subfield></datafield><datafield ind1='1' ind2=' ' tag='100'><subfield code='a'>Abe, Miwako,</subfield><subfield code='e'>performer.</subfield><subfield code='4'>http://id.loc.gov/vocabulary/relators/prf</subfield><subfield code='0'>http://id.loc.gov/authorities/names/no2006106369</subfield></datafield><datafield ind1='1' ind2='0' tag='245'><subfield code='a'>Works for violin /</subfield><subfield code='c'>by George Antheil [and others].</subfield></datafield><datafield ind1=' ' ind2=' ' tag='260'><subfield code='a'>New York, NY :</subfield><subfield code='b'>New World Records,</subfield><subfield code='c'>[2006], ℗2006.</subfield></datafield><datafield ind1=' ' ind2=' ' tag='300'><subfield code='a'>1 audio disc :</subfield><subfield code='b'>digital ;</subfield><subfield code='c'>4 3/4 in.</subfield></datafield><datafield ind1=' ' ind2=' ' tag='306'><subfield code='a'>001800</subfield><subfield code='a'>000320</subfield><subfield code='a'>000756</subfield><subfield code='a'>000620</subfield><subfield code='a'>000900</subfield><subfield code='a'>000806</subfield><subfield code='a'>000555</subfield><subfield code='a'>000243</subfield></datafield><datafield ind1=' ' ind2=' ' tag='336'><subfield code='a'>performed music</subfield><subfield code='b'>prm</subfield><subfield code='2'>rdacontent</subfield></datafield><datafield ind1=' ' ind2=' ' tag='337'><subfield code='a'>audio</subfield><subfield code='b'>s</subfield><subfield code='2'>rdamedia</subfield></datafield><datafield ind1=' ' ind2=' ' tag='500'><subfield code='a'>The 1st, 3rd-4th, 7th-8th works for violin and piano; the 2nd, 6th works for unacc. violin; the 5th work for violin and tape.</subfield></datafield><datafield ind1='0' ind2=' ' tag='511'><subfield code='a'>Miwako Abe, violin ; Michael Kieran Harvey, piano.</subfield></datafield><datafield ind1=' ' ind2=' ' tag='500'><subfield code='a'>&quot;Recorded Anthology of American Music, Inc.&quot;</subfield></datafield><datafield ind1=' ' ind2=' ' tag='518'><subfield code='a'>Recorded on Aug. 9-24, 2005, Iwaki Auditorium, ABC Centre, Southbank, Melbourne, Australia.</subfield></datafield><datafield ind1=' ' ind2=' ' tag='500'><subfield code='a'>Eds. recorded: Associated Music Publishers (1st work); J. Marx (2nd work); G. Schirmer (3rd work); Frog Peak Music (4th, 6th-8th works); North Cape Music (5th work).</subfield></datafield><datafield ind1=' ' ind2=' ' tag='500'><subfield code='a'>Compact disc.</subfield></datafield><datafield ind1=' ' ind2=' ' tag='500'><subfield code='a'>Program notes with bibliographical and discographical information (19 p.) inserted in container.</subfield></datafield><datafield ind1='0' ind2='0' tag='505'><subfield code='t'>Sonata for violin and piano (1945).</subfield><subfield code='t'>Hymn ;</subfield><subfield code='t'>In fuguing style ;</subfield><subfield code='t'>Ballad ;</subfield><subfield code='t'>Jig ;</subfield><subfield code='t'>Finale /</subfield><subfield code='r'>Henry Cowell</subfield><subfield code='g'>(18:00) --</subfield><subfield code='t'>Second piece for violin alone (1966) /</subfield><subfield code='r'>Stefan Wolpe</subfield><subfield code='g'>(3:20) --</subfield><subfield code='t'>Sonata no. 2 for violin and piano (1923) /</subfield><subfield code='r'>George Antheil</subfield><subfield code='g'>(7:56) --</subfield><subfield code='t'>Suite for violin and piano (1937) /</subfield><subfield code='r'>Johanna Beyer</subfield><subfield code='g'>(6:20) --</subfield><subfield code='t'>Etudes for violin and tape (1994).</subfield><subfield code='t'>Etude IV ;</subfield><subfield code='t'>Etude II /</subfield><subfield code='r'>Charles Dodge</subfield><subfield code='g'>(9:00) --</subfield><subfield code='t'>Maxfield&apos;s reel : for unaccompanied violin (1983) /</subfield><subfield code='r'>David Mahler</subfield><subfield code='g'>(8:06) --</subfield><subfield code='t'>Movement in E major for John Cage : (1975, rev. 1996) /</subfield><subfield code='r'>Larry Polansky</subfield><subfield code='g'>(5:55) --</subfield><subfield code='t'>Nocturne (1923) /</subfield><subfield code='r'>Ruth P. Crawford</subfield><subfield code='g'>(2:43).</subfield></datafield><datafield ind1=' ' ind2='0' tag='650'><subfield code='a'>Sonatas (Violin and piano)</subfield><subfield code='0'>http://id.loc.gov/authorities/subjects/sh85125004</subfield></datafield><datafield ind1=' ' ind2='0' tag='650'><subfield code='a'>Violin music.</subfield><subfield code='0'>http://id.loc.gov/authorities/subjects/sh85143607</subfield></datafield><datafield ind1=' ' ind2='0' tag='650'><subfield code='a'>Suites (Violin and piano)</subfield><subfield code='0'>http://id.loc.gov/authorities/subjects/sh85130238</subfield></datafield><datafield ind1=' ' ind2='0' tag='650'><subfield code='a'>Electronic and violin music.</subfield><subfield code='0'>http://id.loc.gov/authorities/subjects/sh91004578</subfield></datafield><datafield ind1=' ' ind2='0' tag='650'><subfield code='a'>Violin and piano music.</subfield><subfield code='0'>http://id.loc.gov/authorities/subjects/sh85143580</subfield></datafield><datafield ind1=' ' ind2='0' tag='650'><subfield code='a'>Instrumental music</subfield><subfield code='z'>United States</subfield><subfield code='y'>20th century.</subfield></datafield><datafield ind1='1' ind2=' ' tag='700'><subfield code='a'>Harvey, Michael Kieran,</subfield><subfield code='e'>performer.</subfield><subfield code='4'>http://id.loc.gov/vocabulary/relators/prf</subfield><subfield code='0'>http://id.loc.gov/authorities/names/nr96030337</subfield></datafield><datafield ind1='1' ind2='2' tag='700'><subfield code='a'>Cowell, Henry,</subfield><subfield code='d'>1897-1965.</subfield><subfield code='t'>Sonatas,</subfield><subfield code='m'>violin, piano.</subfield><subfield code='0'>http://id.loc.gov/authorities/names/n2005089036</subfield></datafield><datafield ind1='1' ind2='2' tag='700'><subfield code='a'>Wolpe, Stefan.</subfield><subfield code='t'>Pieces,</subfield><subfield code='m'>violin,</subfield><subfield code='n'>no. 2.</subfield><subfield code='0'>http://id.loc.gov/authorities/names/no97081880</subfield></datafield><datafield ind1='1' ind2='2' tag='700'><subfield code='a'>Antheil, George,</subfield><subfield code='d'>1900-1959.</subfield><subfield code='t'>Sonatas,</subfield><subfield code='m'>violin, piano,</subfield><subfield code='n'>no. 2.</subfield><subfield code='0'>http://id.loc.gov/authorities/names/n92107197</subfield></datafield><datafield ind1='1' ind2='2' tag='700'><subfield code='a'>Beyer, Johanna Magdalena,</subfield><subfield code='d'>1888-1944.</subfield><subfield code='t'>Suites,</subfield><subfield code='m'>violin, piano.</subfield><subfield code='0'>http://id.loc.gov/authorities/names/no2006106349</subfield></datafield><datafield ind1='1' ind2='2' tag='700'><subfield code='a'>Dodge, Charles,</subfield><subfield code='d'>1942-</subfield><subfield code='t'>Concert etudes.</subfield><subfield code='n'>No. 2.</subfield><subfield code='0'>http://id.loc.gov/authorities/names/n2007078539</subfield></datafield><datafield ind1='1' ind2='2' tag='700'><subfield code='a'>Dodge, Charles,</subfield><subfield code='d'>1942-</subfield><subfield code='t'>Concert etudes.</subfield><subfield code='n'>No. 4.</subfield><subfield code='0'>http://id.loc.gov/authorities/names/n2007078544</subfield></datafield><datafield ind1='1' ind2='2' tag='700'><subfield code='a'>Mahler, David.</subfield><subfield code='t'>Maxfield&apos;s reel.</subfield><subfield code='0'>http://id.loc.gov/authorities/names/no2006106358</subfield></datafield><datafield ind1='1' ind2='2' tag='700'><subfield code='a'>Polansky, Larry,</subfield><subfield code='d'>1954-</subfield><subfield code='t'>Movement for John Cage.</subfield><subfield code='0'>http://id.loc.gov/authorities/names/no2006106365</subfield></datafield><datafield ind1='1' ind2='2' tag='700'><subfield code='a'>Seeger, Ruth Crawford,</subfield><subfield code='d'>1901-1953.</subfield><subfield code='t'>Nocturne,</subfield><subfield code='m'>violin, piano,</subfield><subfield code='r'>A major.</subfield><subfield code='0'>http://id.loc.gov/authorities/names/no2006106367</subfield></datafield><datafield ind1='2' ind2=' ' tag='710'><subfield code='a'>Recorded Anthology of American Music, Inc.</subfield><subfield code='0'>http://id.loc.gov/authorities/names/n85174272</subfield></datafield><datafield ind1='8' ind2='0' tag='852'><subfield code='h'>CD11681</subfield><subfield code='0'>14527837</subfield><subfield code='b'>scsbcul</subfield></datafield><datafield ind1=' ' ind2=' ' tag='876'><subfield code='0'>14527837</subfield><subfield code='a'>20888973</subfield><subfield code='h'>In Library Use</subfield><subfield code='j'>Available</subfield><subfield code='p'>MR75425637</subfield><subfield code='t'>1</subfield><subfield code='x'>Open</subfield><subfield code='z'>MR</subfield><subfield code='l'>RECAP</subfield></datafield></record>