
<record><leader>06291cam a22004694a 4500</leader><controlfield tag='001'>SCSB-5124942</controlfield><controlfield tag='003'>NNC</controlfield><controlfield tag='005'>20221109211750.0</controlfield><controlfield tag='008'>031229t20052005nyua     b    001 0 eng  </controlfield><controlfield tag='009'>5044013</controlfield><datafield ind1=' ' ind2=' ' tag='010'><subfield code='a'>  2003070716</subfield></datafield><datafield ind1='7' ind2=' ' tag='016'><subfield code='a'>101201710</subfield><subfield code='2'>DNLM</subfield></datafield><datafield ind1=' ' ind2=' ' tag='020'><subfield code='a'>0071410902</subfield></datafield><datafield ind1=' ' ind2=' ' tag='035'><subfield code='a'>(OCoLC)ocm53972533</subfield></datafield><datafield ind1=' ' ind2=' ' tag='035'><subfield code='a'>(NNC)5044013</subfield></datafield><datafield ind1=' ' ind2=' ' tag='035'><subfield code='a'>5044013</subfield></datafield><datafield ind1=' ' ind2=' ' tag='040'><subfield code='a'>DNLM/DLC</subfield><subfield code='c'>DLC</subfield><subfield code='d'>YDX</subfield><subfield code='d'>NLM</subfield><subfield code='d'>NNC-M</subfield><subfield code='d'>OrLoB-B</subfield></datafield><datafield ind1=' ' ind2=' ' tag='042'><subfield code='a'>pcc</subfield></datafield><datafield ind1='1' ind2='0' tag='050'><subfield code='a'>RD31</subfield><subfield code='b'>.P88 2005</subfield></datafield><datafield ind1='0' ind2='0' tag='060'><subfield code='a'>2004 M-790</subfield></datafield><datafield ind1='1' ind2='0' tag='060'><subfield code='a'>WO 100</subfield><subfield code='b'>S399 2005</subfield></datafield><datafield ind1='0' ind2='0' tag='082'><subfield code='a'>617</subfield><subfield code='2'>22</subfield></datafield><datafield ind1='0' ind2='0' tag='245'><subfield code='a'>Schwartz&apos;s principles of surgery /</subfield><subfield code='c'>edited by F. Charles Brunicardi [and others].</subfield></datafield><datafield ind1='3' ind2='0' tag='246'><subfield code='a'>Principles of surgery</subfield></datafield><datafield ind1=' ' ind2=' ' tag='250'><subfield code='a'>8th ed.</subfield></datafield><datafield ind1=' ' ind2=' ' tag='260'><subfield code='a'>New York :</subfield><subfield code='b'>McGraw-Hill, Health Pub. Division,</subfield><subfield code='c'>[2005], ©2005.</subfield></datafield><datafield ind1=' ' ind2=' ' tag='300'><subfield code='a'>xv, 1950 pages :</subfield><subfield code='b'>illustrations (some color) ;</subfield><subfield code='c'>29 cm</subfield></datafield><datafield ind1=' ' ind2=' ' tag='336'><subfield code='a'>text</subfield><subfield code='b'>txt</subfield><subfield code='2'>rdacontent</subfield></datafield><datafield ind1=' ' ind2=' ' tag='337'><subfield code='a'>unmediated</subfield><subfield code='b'>n</subfield><subfield code='2'>rdamedia</subfield></datafield><datafield ind1=' ' ind2=' ' tag='500'><subfield code='a'>Rev. ed. of: Principles of surgery / editors, Seymour I. Schwartz [and others]. 7th ed. 1999.</subfield></datafield><datafield ind1=' ' ind2=' ' tag='504'><subfield code='a'>Includes bibliographical references and index.</subfield></datafield><datafield ind1='0' ind2='0' tag='505'><subfield code='g'>1.</subfield><subfield code='t'>Systemic response to injury and metabolic support /</subfield><subfield code='r'>Edward Lin, Steven E. Calvano and Stephen F. Lowry --</subfield><subfield code='g'>2.</subfield><subfield code='t'>Fluid and electrolyte management of the surgical patient /</subfield><subfield code='r'>Rosemary A. Kozar and Frederick A. Moore --</subfield><subfield code='g'>3.</subfield><subfield code='t'>Hemostasis, surgical bleeding, and transfusion /</subfield><subfield code='r'>David Schwartz, Karen L. Kaplan and Seymour I. Schwartz --</subfield><subfield code='g'>4.</subfield><subfield code='t'>Shock /</subfield><subfield code='r'>Andrew B. Peitzman, Brian G. Harbrecht and Timothy R. Billiar --</subfield><subfield code='g'>5.</subfield><subfield code='t'>Surgical infections /</subfield><subfield code='r'>David L. Dunn and Gregory J. Beilman --</subfield><subfield code='g'>6.</subfield><subfield code='t'>Trauma /</subfield><subfield code='r'>Jon M. Burch, Reginald J. Franciose and Ernest E. Moore --</subfield><subfield code='g'>7.</subfield><subfield code='t'>Burns /</subfield><subfield code='r'>James H. Holmes and David M. Heimbach --</subfield><subfield code='g'>8.</subfield><subfield code='t'>Wound healing /</subfield><subfield code='r'>Adrian Barbul --</subfield><subfield code='g'>9.</subfield><subfield code='t'>Oncology /</subfield><subfield code='r'>Funda Meric-Bernstam and Raphael E. Pollock --</subfield><subfield code='g'>10.</subfield><subfield code='t'>Transplantation /</subfield><subfield code='r'>Abhinav Humar and David L. Dunn --</subfield><subfield code='g'>11.</subfield><subfield code='t'>Patient safety, errors, and complications in surgery /</subfield><subfield code='r'>Mark L. Shapiro and Peter B. Angood --</subfield><subfield code='g'>12.</subfield><subfield code='t'>Physiologic monitoring of the surgical patient /</subfield><subfield code='r'>Louis H. Alarcon and Mitchell P. Fink --</subfield><subfield code='g'>13.</subfield><subfield code='t'>Minimally-invasive surgery /</subfield><subfield code='r'>Blair A. Jobe and John G. Hunter --</subfield><subfield code='g'>14.</subfield><subfield code='t'>Cell, genomics, and molecular surgery /</subfield><subfield code='r'>Xin-Hua Feng, Jeffrey B. Matthews, Xia Lin and F. Charles Brunicardi --</subfield><subfield code='g'>15.</subfield><subfield code='t'>Skin and subcutaneous tissue /</subfield><subfield code='r'>Scott L. Hansen, Stephen J. Mathes and David M. Young --</subfield><subfield code='g'>16.</subfield><subfield code='t'>The breast /</subfield><subfield code='r'>Kirby I. Bland, Samuel W. Beenken and Edward M. Copeland III --</subfield><subfield code='g'>17.</subfield><subfield code='t'>Disorders of the head and neck /</subfield><subfield code='r'>Richard O. Wein, Rakesh K. Chandra and Randal S. Weber --</subfield><subfield code='g'>18.</subfield><subfield code='t'>Chest wall, lung, mediastinum, and pleura /</subfield><subfield code='r'>Michael A. Maddaus and James D. Luketich --</subfield><subfield code='g'>19.</subfield><subfield code='t'>Congenital heart disease /</subfield><subfield code='r'>Tara B. Karamlou, Irving Shen and Ross M. Ungerleider --</subfield><subfield code='g'>20.</subfield><subfield code='t'>Acquired heart disease /</subfield><subfield code='r'>Aubrey C. Galloway, Ram Sharony, Charles F. Schwartz, Paul C. Saunders, Eugene A. Grossi and Stephen B. Colvin --</subfield><subfield code='g'>21.</subfield><subfield code='t'>Thoracic aortic aneurysms and aortic dissection /</subfield><subfield code='r'>Joseph S. Coselli and Scott A. LeMaire --</subfield><subfield code='g'>22.</subfield><subfield code='t'>Arterial disease /</subfield><subfield code='r'>Alan B. Lumsden, Peter H. Lin, Ruth L. Bush and Changyi Chen --</subfield><subfield code='g'>23.</subfield><subfield code='t'>Venous and lymphatic disease /</subfield><subfield code='r'>Everett Y. Lam, Mary E. Giswold and Gregory L. Moneta --</subfield><subfield code='g'>24.</subfield><subfield code='t'>Esophagus and diaphragmatic hernia /</subfield><subfield code='r'>Jeffrey H. Peters and Tom R. DeMeester --</subfield><subfield code='g'>25.</subfield><subfield code='t'>Stomach /</subfield><subfield code='r'>Daniel T. Dempsey --</subfield><subfield code='g'>26.</subfield><subfield code='t'>The surgical management of obesity /</subfield><subfield code='r'>Philip R. Schauer and Bruce D. Schirmer --</subfield><subfield code='g'>27.</subfield><subfield code='t'>Small intestine /</subfield><subfield code='r'>Edward E. Whang, Stanley W. Ashley and Michael J. Zinner --</subfield><subfield code='g'>28.</subfield><subfield code='t'>Colon, rectum, and anus /</subfield><subfield code='r'>Kelli M. Bullard and David A. Rothenberger --</subfield><subfield code='g'>29.</subfield><subfield code='t'>The appendix /</subfield><subfield code='r'>Bernard M. Jaffe and David H. Berger --</subfield><subfield code='g'>30.</subfield><subfield code='t'>Liver /</subfield><subfield code='r'>Timothy D. Sielaff and Steven A. Curley --</subfield><subfield code='g'>31.</subfield><subfield code='t'>Gallbladder and the extrahepatic biliary system /</subfield><subfield code='r'>Margret Oddsdottir and John G. Hunter --</subfield><subfield code='g'>32.</subfield><subfield code='t'>Pancreas /</subfield><subfield code='r'>William E. Fisher, Dana K. Andersen, Richard H. Bell, Jr., Ashok K. Saluja and F. Charles Brunicardi --</subfield><subfield code='g'>33.</subfield><subfield code='t'>Spleen /</subfield><subfield code='r'>Adrian E. Park and Rodrick McKinlay --</subfield><subfield code='g'>34.</subfield><subfield code='t'>Abdominal wall, omentum, mesentery, and retroperitoneum /</subfield><subfield code='r'>Robert L. Bell and Neal E. Seymour --</subfield><subfield code='g'>35.</subfield><subfield code='t'>Soft tissue sarcomas /</subfield><subfield code='r'>Janice N. Cormier and Raphael E. Pollock --</subfield><subfield code='g'>36.</subfield><subfield code='t'>Inguinal hernias /</subfield><subfield code='r'>Robert J. Fitzgibbons, Jr., Charles J. Filipi and Thomas H. Quinn --</subfield><subfield code='g'>37.</subfield><subfield code='t'>Thyroid, parathyroid, and adrenal /</subfield><subfield code='r'>Geeta Lal and Orlo H. Clark --</subfield><subfield code='g'>38.</subfield><subfield code='t'>Pediatric surgery /</subfield><subfield code='r'>David J. Hackam, Kurt Newman and Henri R. Ford --</subfield><subfield code='g'>39.</subfield><subfield code='t'>Urology /</subfield><subfield code='r'>Hyung L. Kim and Arie Belldegrun --</subfield><subfield code='g'>40.</subfield><subfield code='t'>Gynecology /</subfield><subfield code='r'>Gregory P. Sutton, Robert E. Rogers, William W. Hurd and Martina F. Mutone --</subfield><subfield code='g'>41.</subfield><subfield code='t'>Neurosurgery /</subfield><subfield code='r'>Michael L. Smith and M. Sean Grady --</subfield><subfield code='g'>42.</subfield><subfield code='t'>Orthopaedics /</subfield><subfield code='r'>Dempsey Springfield --</subfield><subfield code='g'>43.</subfield><subfield code='t'>Surgery of the hand and wrist /</subfield><subfield code='r'>Clayton A. Peimer --</subfield><subfield code='g'>44.</subfield><subfield code='t'>Plastic and reconstructive surgery /</subfield><subfield code='r'>Saleh M. Shenaq, John Y. S. Kim and Alan Bienstock --</subfield><subfield code='g'>45.</subfield><subfield code='t'>Surgical considerations in the elderly /</subfield><subfield code='r'>Rosemarie E. Hardin and Michael E. Zenilman --</subfield><subfield code='g'>46.</subfield><subfield code='t'>Anesthesia of the surgical patient /</subfield><subfield code='r'>Robert S. Dorian.</subfield></datafield><datafield ind1='1' ind2=' ' tag='520'><subfield code='a'>&quot;This significant new edition of Schwartz&apos;s Principles of Surgery marks a milestone achievement in the education of surgeons. Driven by a dynamic new editorial board, the eighth edition features an unparalleled amount of new information, a new two-color design and new clarity, numerous new authors, surgical techniques, and coverage of a variety of cutting-edge topics. Yet Schwartz maintains its historic leadership, standing alone in providing the solid grounding in basic science, anatomy, and operative techniques so key to the education and success of any surgeon.&quot;--BOOK JACKET.</subfield></datafield><datafield ind1=' ' ind2='0' tag='650'><subfield code='a'>Surgery.</subfield><subfield code='0'>http://id.loc.gov/authorities/subjects/sh85130766</subfield></datafield><datafield ind1='1' ind2='2' tag='650'><subfield code='a'>General Surgery.</subfield><subfield code='0'>https://id.nlm.nih.gov/mesh/D013502</subfield></datafield><datafield ind1='2' ind2='2' tag='650'><subfield code='a'>Surgical Procedures, Operative.</subfield><subfield code='0'>https://id.nlm.nih.gov/mesh/D013514</subfield></datafield><datafield ind1='1' ind2=' ' tag='700'><subfield code='a'>Brunicardi, F. Charles.</subfield><subfield code='0'>http://id.loc.gov/authorities/names/n2003131426</subfield></datafield><datafield ind1='1' ind2=' ' tag='700'><subfield code='a'>Schwartz, Seymour I.,</subfield><subfield code='d'>1928-2020.</subfield><subfield code='0'>http://id.loc.gov/authorities/names/n79126475</subfield></datafield><datafield ind1='0' ind2=' ' tag='730'><subfield code='a'>Principles of surgery.</subfield></datafield><datafield ind1='0' ind2='0' tag='852'><subfield code='h'>RD31 .P93 2005 Q</subfield><subfield code='0'>5109767</subfield><subfield code='b'>scsbcul</subfield></datafield><datafield ind1=' ' ind2=' ' tag='876'><subfield code='0'>5109767</subfield><subfield code='a'>7668470</subfield><subfield code='h'> </subfield><subfield code='j'>Available</subfield><subfield code='p'>HS00312649</subfield><subfield code='t'>1</subfield><subfield code='x'>Shared</subfield><subfield code='z'>HS</subfield><subfield code='l'>RECAP</subfield></datafield></record>