
<record><leader>02751cam a2200541 a 4500</leader><controlfield tag='001'>SCSB-3663795</controlfield><controlfield tag='003'>NNC</controlfield><controlfield tag='005'>20220616004948.0</controlfield><controlfield tag='008'>980820r19991998nyu           000 0 eng  </controlfield><controlfield tag='009'>2267561</controlfield><datafield ind1=' ' ind2=' ' tag='010'><subfield code='a'>   98041731 </subfield><subfield code='z'>   00363940 </subfield></datafield><datafield ind1=' ' ind2=' ' tag='020'><subfield code='a'>0375405593</subfield></datafield><datafield ind1=' ' ind2=' ' tag='020'><subfield code='a'>9780375405594</subfield></datafield><datafield ind1=' ' ind2=' ' tag='020'><subfield code='a'>037570535X (pbk.)</subfield></datafield><datafield ind1=' ' ind2=' ' tag='020'><subfield code='a'>9780375705359 (pbk.)</subfield></datafield><datafield ind1='1' ind2=' ' tag='029'><subfield code='a'>NLGGC</subfield><subfield code='b'>183892003</subfield></datafield><datafield ind1='1' ind2=' ' tag='029'><subfield code='a'>YDXCP</subfield><subfield code='b'>1526949</subfield></datafield><datafield ind1='1' ind2=' ' tag='029'><subfield code='a'>NZ1</subfield><subfield code='b'>4923862</subfield></datafield><datafield ind1='1' ind2=' ' tag='029'><subfield code='a'>AU@</subfield><subfield code='b'>000014101910</subfield></datafield><datafield ind1='1' ind2=' ' tag='029'><subfield code='a'>HEBIS</subfield><subfield code='b'>072322926</subfield></datafield><datafield ind1='1' ind2=' ' tag='029'><subfield code='a'>DEBBG</subfield><subfield code='b'>BV012698008</subfield></datafield><datafield ind1='1' ind2=' ' tag='029'><subfield code='a'>GEBAY</subfield><subfield code='b'>6011046</subfield></datafield><datafield ind1=' ' ind2=' ' tag='035'><subfield code='a'>(OCoLC)ocm39747192</subfield></datafield><datafield ind1=' ' ind2=' ' tag='035'><subfield code='9'>APA9741CU</subfield></datafield><datafield ind1=' ' ind2=' ' tag='035'><subfield code='a'>(OCoLC)39747192</subfield></datafield><datafield ind1=' ' ind2=' ' tag='035'><subfield code='a'>(NNC)2267561</subfield></datafield><datafield ind1=' ' ind2=' ' tag='035'><subfield code='a'>2267561</subfield></datafield><datafield ind1=' ' ind2=' ' tag='040'><subfield code='a'>DLC</subfield><subfield code='c'>DLC</subfield><subfield code='d'>YDX</subfield><subfield code='d'>FIT</subfield><subfield code='d'>BAKER</subfield><subfield code='d'>NLGGC</subfield><subfield code='d'>BTCTA</subfield><subfield code='d'>YDXCP</subfield><subfield code='d'>OCLCG</subfield><subfield code='d'>DEBBG</subfield><subfield code='d'>OrLoB-B</subfield></datafield><datafield ind1=' ' ind2=' ' tag='043'><subfield code='a'>n-cn---</subfield><subfield code='a'>a-ce---</subfield></datafield><datafield ind1='0' ind2='0' tag='050'><subfield code='a'>PR9199.3.O5</subfield><subfield code='b'>H36 1999</subfield></datafield><datafield ind1='0' ind2='0' tag='082'><subfield code='a'>811/.54</subfield><subfield code='2'>21</subfield></datafield><datafield ind1=' ' ind2=' ' tag='084'><subfield code='a'>18.07</subfield><subfield code='2'>bcl</subfield></datafield><datafield ind1=' ' ind2=' ' tag='084'><subfield code='a'>HQ 5470</subfield><subfield code='2'>rvk</subfield></datafield><datafield ind1='1' ind2=' ' tag='100'><subfield code='a'>Ondaatje, Michael,</subfield><subfield code='d'>1943-</subfield><subfield code='0'>http://id.loc.gov/authorities/names/n50002976</subfield></datafield><datafield ind1='1' ind2='0' tag='245'><subfield code='a'>Handwriting :</subfield><subfield code='b'>poems /</subfield><subfield code='c'>Michael Ondaatje.</subfield></datafield><datafield ind1=' ' ind2=' ' tag='250'><subfield code='a'>1st U.S. ed.</subfield></datafield><datafield ind1=' ' ind2=' ' tag='260'><subfield code='a'>New York :</subfield><subfield code='b'>A.A. Knopf :</subfield><subfield code='b'>Distributed by Random House,</subfield><subfield code='c'>1999.</subfield></datafield><datafield ind1=' ' ind2=' ' tag='300'><subfield code='a'>78 pages ;</subfield><subfield code='c'>22 cm</subfield></datafield><datafield ind1=' ' ind2=' ' tag='336'><subfield code='a'>text</subfield><subfield code='b'>txt</subfield><subfield code='2'>rdacontent</subfield></datafield><datafield ind1=' ' ind2=' ' tag='337'><subfield code='a'>unmediated</subfield><subfield code='b'>n</subfield><subfield code='2'>rdamedia</subfield></datafield><datafield ind1='0' ind2='0' tag='505'><subfield code='t'>A Gentleman Compares His Virtue ... --</subfield><subfield code='t'>The Distance of a Shout --</subfield><subfield code='t'>Buried --</subfield><subfield code='t'>The Brother Thief --</subfield><subfield code='t'>To Anuradhapura --</subfield><subfield code='t'>The First Rule of Sinhalese Architecture --</subfield><subfield code='t'>The Medieval Coast --</subfield><subfield code='t'>Buried 2 --</subfield><subfield code='t'>The Nine Sentiments --</subfield><subfield code='t'>Flight --</subfield><subfield code='t'>Wells --</subfield><subfield code='t'>The Siyabaslakara --</subfield><subfield code='t'>Driving with Dominic ... --</subfield><subfield code='t'>Death at Kataragama --</subfield><subfield code='t'>The Great Tree --</subfield><subfield code='t'>The Story --</subfield><subfield code='t'>House on a Red Cliff --</subfield><subfield code='t'>Step --</subfield><subfield code='t'>Last Ink.</subfield></datafield><datafield ind1='1' ind2=' ' tag='520'><subfield code='a'>&quot;Handwriting is Michael Ondaatje&apos;s first new book of poetry since The Cinnamon Peeler. It is a collection of exquisitely crafted poems of delicacy and power - poems about love, landscape, and the sweep of history set in the poet&apos;s first home, Sri Lanka.&quot; &quot;The falling away of culture is juxtaposed with an individual&apos;s sense of loss, grief, and remembrance, as Ondaatje weaves a rich tapestry of images - the unburial of stone Buddhas, a family of stilt-walkers crossing a field, the pattern of teeth marks on skin drawn by a monk from memory.&quot;--BOOK JACKET.</subfield></datafield><datafield ind1=' ' ind2='0' tag='650'><subfield code='a'>Sri Lankans</subfield><subfield code='z'>Canada</subfield><subfield code='v'>Poetry.</subfield></datafield><datafield ind1=' ' ind2='0' tag='651'><subfield code='a'>Sri Lanka</subfield><subfield code='v'>Poetry.</subfield></datafield><datafield ind1='0' ind2='0' tag='852'><subfield code='h'>PR9199.3.O5 H36 1999</subfield><subfield code='0'>3668897</subfield><subfield code='b'>scsbcul</subfield></datafield><datafield ind1=' ' ind2=' ' tag='876'><subfield code='0'>3668897</subfield><subfield code='a'>5457308</subfield><subfield code='h'> </subfield><subfield code='j'>Available</subfield><subfield code='p'>CU71375090</subfield><subfield code='t'>1</subfield><subfield code='x'>Shared</subfield><subfield code='z'>CU</subfield><subfield code='l'>RECAP</subfield></datafield></record>