
<record><leader>00689cam a2200253I  4500</leader><controlfield tag='001'>SCSB-11902847</controlfield><controlfield tag='005'>20020606163548.3</controlfield><controlfield tag='008'>750924s1956    nyua     b    000 0 eng  </controlfield><controlfield tag='009'>990067191520203941</controlfield><datafield ind1=' ' ind2=' ' tag='010'><subfield code='a'>^^^56014099^/L</subfield></datafield><datafield ind1=' ' ind2=' ' tag='035'><subfield code='a'>(MH)006719152HVD01-Aleph</subfield></datafield><datafield ind1=' ' ind2=' ' tag='035'><subfield code='a'>(OCoLC)1652658</subfield></datafield><datafield ind1=' ' ind2=' ' tag='040'><subfield code='a'>DLC</subfield><subfield code='c'>DZM</subfield><subfield code='d'>SER</subfield><subfield code='d'>HLS</subfield></datafield><datafield ind1='0' ind2=' ' tag='050'><subfield code='a'>BF891</subfield><subfield code='b'>.T4 1956</subfield></datafield><datafield ind1=' ' ind2=' ' tag='082'><subfield code='a'>137.7</subfield></datafield><datafield ind1='1' ind2=' ' tag='100'><subfield code='a'>Teltscher, Herry O.</subfield></datafield><datafield ind1='0' ind2='0' tag='245'><subfield code='a'>Handwriting,</subfield><subfield code='b'>the key to successful living.</subfield></datafield><datafield ind1=' ' ind2=' ' tag='250'><subfield code='a'>[4th rev. ed.]</subfield></datafield><datafield ind1=' ' ind2=' ' tag='260'><subfield code='a'>New York,</subfield><subfield code='b'>Putnam</subfield><subfield code='c'>[1956]</subfield></datafield><datafield ind1=' ' ind2=' ' tag='300'><subfield code='a'>341 p.</subfield><subfield code='b'>illus.</subfield><subfield code='c'>22 cm.</subfield></datafield><datafield ind1=' ' ind2=' ' tag='504'><subfield code='a'>Bibliography: p. 321-324.</subfield></datafield><datafield ind1=' ' ind2='0' tag='650'><subfield code='a'>Graphology</subfield></datafield><datafield ind1='0' ind2='8' tag='776'><subfield code='i'>Online version:</subfield><subfield code='a'>Teltscher, Herry O.</subfield><subfield code='t'>Handwriting.</subfield><subfield code='b'>[4th rev. ed.]</subfield><subfield code='d'>New York, Putnam [1956]</subfield><subfield code='w'>(OCoLC)958500312</subfield></datafield><datafield ind1='1' ind2=' ' tag='583'><subfield code='a'>committed to retain</subfield><subfield code='c'>20181001</subfield><subfield code='d'>in perpetuity</subfield><subfield code='f'>ReCAP Shared Collection</subfield><subfield code='5'>HUL</subfield><subfield code='8'>221982382920003941</subfield></datafield><datafield ind1='7' ind2=' ' tag='852'><subfield code='2'>ZHCL</subfield><subfield code='c'>HD</subfield><subfield code='h'>KE 27828</subfield><subfield code='0'>12725318</subfield><subfield code='b'>scsbhl</subfield></datafield><datafield ind1=' ' ind2=' ' tag='876'><subfield code='0'>12725318</subfield><subfield code='a'>18513222</subfield><subfield code='h'> </subfield><subfield code='j'>Available</subfield><subfield code='k'>WID</subfield><subfield code='p'>HW2GPG</subfield><subfield code='x'>Shared</subfield><subfield code='z'>HW</subfield><subfield code='l'>HD</subfield></datafield></record>