
<record><leader>01002pam a2200325 a 4500</leader><controlfield tag='001'>SCSB-10786443</controlfield><controlfield tag='005'>20020606090541.3</controlfield><controlfield tag='008'>870520s1987    enka     b    001 0 eng  </controlfield><controlfield tag='009'>990006567820203941</controlfield><datafield ind1=' ' ind2=' ' tag='010'><subfield code='a'>^^^87014061^</subfield></datafield><datafield ind1=' ' ind2=' ' tag='015'><subfield code='a'>GB87-11601</subfield></datafield><datafield ind1=' ' ind2=' ' tag='020'><subfield code='a'>0893972878 Nichols :</subfield><subfield code='c'>$31.50</subfield></datafield><datafield ind1=' ' ind2=' ' tag='020'><subfield code='a'>0709905807 (cased) :</subfield></datafield><datafield ind1=' ' ind2=' ' tag='020'><subfield code='a'>0709951078 (pbk) :</subfield></datafield><datafield ind1=' ' ind2=' ' tag='035'><subfield code='a'>(OCoLC)15857421</subfield><subfield code='z'>(OCoLC)15588969</subfield><subfield code='z'>(OCoLC)786459205</subfield><subfield code='z'>(OCoLC)810621833</subfield><subfield code='z'>(OCoLC)877167672</subfield><subfield code='z'>(OCoLC)1156166428</subfield></datafield><datafield ind1=' ' ind2=' ' tag='040'><subfield code='a'>DLC</subfield><subfield code='c'>DLC</subfield><subfield code='d'>UKM</subfield><subfield code='d'>HLS</subfield></datafield><datafield ind1='0' ind2=' ' tag='050'><subfield code='a'>LB1590</subfield><subfield code='b'>.A47 1987</subfield></datafield><datafield ind1=' ' ind2='4' tag='060'><subfield code='a'>700</subfield></datafield><datafield ind1='0' ind2=' ' tag='082'><subfield code='a'>372.6/34</subfield><subfield code='2'>19</subfield></datafield><datafield ind1='1' ind2=' ' tag='100'><subfield code='a'>Alston, Jean</subfield></datafield><datafield ind1='1' ind2='0' tag='245'><subfield code='a'>Handwriting :</subfield><subfield code='b'>theory, research, and practice /</subfield><subfield code='c'>Jean Alston and Jane Taylor.</subfield></datafield><datafield ind1=' ' ind2=' ' tag='260'><subfield code='a'>London :</subfield><subfield code='b'>Croom Helm ;</subfield><subfield code='a'>New York :</subfield><subfield code='b'>Nichols Pub. Co.,</subfield><subfield code='c'>1987.</subfield></datafield><datafield ind1=' ' ind2=' ' tag='300'><subfield code='a'>viii, 229 p. :</subfield><subfield code='b'>ill. ;</subfield><subfield code='c'>23 cm.</subfield></datafield><datafield ind1=' ' ind2=' ' tag='504'><subfield code='a'>Includes bibliographies and index.</subfield></datafield><datafield ind1=' ' ind2=' ' tag='520'><subfield code='a'>The purpose of the book is to review theory and research on handwriting, and on children who have handwriting problems, and draw up principles and recommendations for practitioners.</subfield></datafield><datafield ind1=' ' ind2='0' tag='650'><subfield code='a'>Penmanship</subfield></datafield><datafield ind1=' ' ind2='0' tag='650'><subfield code='a'>Penmanship</subfield><subfield code='x'>Remedial teaching</subfield></datafield><datafield ind1=' ' ind2=' ' tag='653'><subfield code='a'>Man</subfield><subfield code='a'>Psychomotor skills: Handwriting</subfield></datafield><datafield ind1=' ' ind2='2' tag='650'><subfield code='a'>Handwriting</subfield></datafield><datafield ind1='1' ind2=' ' tag='700'><subfield code='a'>Taylor, Jane</subfield></datafield><datafield ind1='1' ind2=' ' tag='583'><subfield code='a'>committed to retain</subfield><subfield code='c'>20181001</subfield><subfield code='d'>in perpetuity</subfield><subfield code='f'>ReCAP Shared Collection</subfield><subfield code='5'>HUL</subfield><subfield code='8'>221770382100003941</subfield></datafield><datafield ind1='0' ind2=' ' tag='852'><subfield code='c'>HD</subfield><subfield code='h'>LB1590</subfield><subfield code='i'>.A47 1987</subfield><subfield code='0'>11576043</subfield><subfield code='b'>scsbhl</subfield></datafield><datafield ind1=' ' ind2=' ' tag='876'><subfield code='0'>11576043</subfield><subfield code='a'>17319928</subfield><subfield code='h'> </subfield><subfield code='j'>Available</subfield><subfield code='k'>WID</subfield><subfield code='p'>HW5SIZ</subfield><subfield code='x'>Shared</subfield><subfield code='z'>HW</subfield><subfield code='l'>HD</subfield></datafield></record>