
<record><leader>05954cjm a2200877Ii 4500</leader><controlfield tag='001'>SCSB-13645276</controlfield><controlfield tag='003'>NNC</controlfield><controlfield tag='005'>20230126040009.0</controlfield><controlfield tag='007'>sd fsngnnmmned</controlfield><controlfield tag='008'>150217p20142013ne mun   di       n ger d</controlfield><controlfield tag='009'>11904400</controlfield><datafield ind1='3' ind2='0' tag='024'><subfield code='a'>5028421947358</subfield></datafield><datafield ind1='0' ind2='2' tag='028'><subfield code='a'>94735</subfield><subfield code='b'>Brilliant Classics</subfield></datafield><datafield ind1='1' ind2='0' tag='033'><subfield code='a'>2013----</subfield><subfield code='a'>20140104</subfield><subfield code='b'>6494</subfield><subfield code='c'>V4</subfield></datafield><datafield ind1=' ' ind2=' ' tag='035'><subfield code='a'>(OCoLC)ocn910835009</subfield></datafield><datafield ind1=' ' ind2=' ' tag='035'><subfield code='a'>(OCoLC)910835009</subfield></datafield><datafield ind1=' ' ind2=' ' tag='035'><subfield code='a'>(NNC)11904400</subfield></datafield><datafield ind1=' ' ind2=' ' tag='035'><subfield code='a'>11904400</subfield></datafield><datafield ind1=' ' ind2=' ' tag='040'><subfield code='a'>NNU</subfield><subfield code='b'>eng</subfield><subfield code='e'>rda</subfield><subfield code='c'>N15</subfield><subfield code='d'>OCLCO</subfield><subfield code='d'>OCLCF</subfield><subfield code='d'>UMC</subfield><subfield code='d'>OCL</subfield></datafield><datafield ind1='0' ind2=' ' tag='041'><subfield code='d'>ger</subfield><subfield code='e'>ger</subfield><subfield code='g'>eng</subfield><subfield code='n'>rum</subfield><subfield code='n'>ger</subfield></datafield><datafield ind1='1' ind2=' ' tag='100'><subfield code='a'>Mandyczewski, Eusebius,</subfield><subfield code='e'>composer.</subfield><subfield code='4'>http://id.loc.gov/vocabulary/relators/cmp</subfield><subfield code='0'>http://id.loc.gov/authorities/names/n84040505</subfield></datafield><datafield ind1='1' ind2='0' tag='240'><subfield code='a'>Works.</subfield><subfield code='k'>Selections</subfield></datafield><datafield ind1='1' ind2='0' tag='245'><subfield code='a'>Lieder, Gesänge and waltzes /</subfield><subfield code='c'>Mandyczewski.</subfield></datafield><datafield ind1='1' ind2=' ' tag='246'><subfield code='i'>Title on container:</subfield><subfield code='a'>Lieder, Gesänge, Walzer</subfield></datafield><datafield ind1=' ' ind2='1' tag='264'><subfield code='a'>[Leeuwarden, The Netherlands] :</subfield><subfield code='b'>Brilliant Classics,</subfield><subfield code='c'>[2014]</subfield></datafield><datafield ind1=' ' ind2='4' tag='264'><subfield code='c'>℗2014</subfield></datafield><datafield ind1=' ' ind2=' ' tag='300'><subfield code='a'>1 audio disc :</subfield><subfield code='b'>CD audio ;</subfield><subfield code='c'>4 3/4 in.</subfield></datafield><datafield ind1=' ' ind2=' ' tag='336'><subfield code='a'>performed music</subfield><subfield code='b'>prm</subfield><subfield code='2'>rdacontent</subfield></datafield><datafield ind1=' ' ind2=' ' tag='337'><subfield code='a'>audio</subfield><subfield code='b'>s</subfield><subfield code='2'>rdamedia</subfield></datafield><datafield ind1=' ' ind2=' ' tag='338'><subfield code='a'>audio disc</subfield><subfield code='b'>sd</subfield><subfield code='2'>rdacarrier</subfield></datafield><datafield ind1=' ' ind2=' ' tag='344'><subfield code='a'>digital</subfield><subfield code='g'>stereo</subfield><subfield code='2'>rda</subfield></datafield><datafield ind1=' ' ind2=' ' tag='347'><subfield code='a'>audio file</subfield><subfield code='b'>CD audio</subfield><subfield code='2'>rda</subfield></datafield><datafield ind1='0' ind2='1' tag='382'><subfield code='a'>soprano voice</subfield><subfield code='n'>1</subfield><subfield code='a'>violin</subfield><subfield code='n'>1</subfield><subfield code='a'>piano</subfield><subfield code='n'>1</subfield><subfield code='s'>3</subfield><subfield code='2'>lcmpt</subfield></datafield><datafield ind1='0' ind2='1' tag='382'><subfield code='a'>soprano voice</subfield><subfield code='n'>1</subfield><subfield code='a'>piano</subfield><subfield code='n'>1</subfield><subfield code='s'>2</subfield><subfield code='2'>lcmpt</subfield></datafield><datafield ind1='0' ind2='1' tag='382'><subfield code='a'>mezzo-soprano voice</subfield><subfield code='n'>1</subfield><subfield code='a'>violin</subfield><subfield code='n'>1</subfield><subfield code='a'>piano</subfield><subfield code='n'>1</subfield><subfield code='s'>3</subfield><subfield code='2'>lcmpt</subfield></datafield><datafield ind1='0' ind2='1' tag='382'><subfield code='a'>mezzo-soprano voice</subfield><subfield code='n'>1</subfield><subfield code='a'>piano</subfield><subfield code='n'>1</subfield><subfield code='s'>2</subfield><subfield code='2'>lcmpt</subfield></datafield><datafield ind1='0' ind2='1' tag='382'><subfield code='a'>piano</subfield><subfield code='n'>2</subfield><subfield code='v'>piano, 4 hands</subfield><subfield code='s'>2</subfield><subfield code='2'>lcmpt</subfield></datafield><datafield ind1='0' ind2='1' tag='382'><subfield code='a'>soprano voice</subfield><subfield code='n'>1</subfield><subfield code='a'>mezzo-soprano voice</subfield><subfield code='n'>1</subfield><subfield code='a'>viola</subfield><subfield code='n'>1</subfield><subfield code='a'>piano</subfield><subfield code='n'>1</subfield><subfield code='s'>4</subfield><subfield code='2'>lcmpt</subfield></datafield><datafield ind1='0' ind2='1' tag='382'><subfield code='a'>soprano voice</subfield><subfield code='n'>1</subfield><subfield code='a'>mezzo-soprano voice</subfield><subfield code='n'>1</subfield><subfield code='a'>violin</subfield><subfield code='n'>1</subfield><subfield code='a'>cello</subfield><subfield code='n'>1</subfield><subfield code='a'>piano</subfield><subfield code='n'>1</subfield><subfield code='s'>5</subfield><subfield code='2'>lcmpt</subfield></datafield><datafield ind1=' ' ind2=' ' tag='546'><subfield code='a'>Songs sung in German; the selections from op. 7 originally in Rumanian, translated by Josef Wiedmann.</subfield></datafield><datafield ind1=' ' ind2=' ' tag='500'><subfield code='a'>Title from disc label.</subfield></datafield><datafield ind1='0' ind2=' ' tag='511'><subfield code='a'>Dénise Beck, soprano (1st-9th, 16th-17th works) ; Christina Baader, mezzo-soprano (10th-14th, 16th-17th works) ; Christian Lambour (all works), Gert Hecher, piano (15th work) ; Ilia Korol, violin (1st, 10th, 13th, 14th, 17th works), viola (16th work) ; Lehel Donáth, cello (17th work); on period instruments.</subfield></datafield><datafield ind1=' ' ind2=' ' tag='518'><subfield code='3'>Lieder/Gesänge</subfield><subfield code='o'>recorded</subfield><subfield code='d'>2013 Summer</subfield><subfield code='p'>Klavier-Atelier Gert Hecher, Vienna, Austria.</subfield></datafield><datafield ind1=' ' ind2=' ' tag='518'><subfield code='3'>Waltzes</subfield><subfield code='o'>recorded</subfield><subfield code='d'>2014 January</subfield><subfield code='p'>Klavier-Atelier Gert Hecher, Vienna, Austria.</subfield></datafield><datafield ind1=' ' ind2=' ' tag='500'><subfield code='a'>Program notes in English and vocal texts in German (11 pages) inserted in container.</subfield></datafield><datafield ind1='0' ind2=' ' tag='505'><subfield code='a'>Lieder/Gesänge for soprano. Wasserstille (4:13) ; Einst : op. 7 no. 15 (1:30) ; Birkelein (2:50) ; Bitte (1:36) ; Herzenswunsch : op. 7 no. 2 (2:12) ; Vom heil&apos;gen Nil (1:53) ; Schlehenblüte (1:27) ; Frage : op. 7 no. 9 (2:21) ; Lang deckte meine Seele (2:57) -- Lieder/Gesänge for mezzo-soprano. Dem aufgehenden Vollmande : op. 3 no. 1 (2:39) ; Geleite mich (2:05) ; Maienglöckchen : op. 7 no. 3 (2:03) ; Frühlingslockung (1:28) ; Geige und Wind (3:53) -- Waltzes for piano four hands. 13 waltzes and finale (16:57) -- Lieder/Gesänge for soprano &amp; mezzo-soprano. Abend (1:57) ; In der Dämmerung ; op. 3 no. 2 (2:45).</subfield></datafield><datafield ind1=' ' ind2='0' tag='650'><subfield code='a'>Songs (High voice) with instrumental ensemble.</subfield><subfield code='0'>http://id.loc.gov/authorities/subjects/sh85125142</subfield></datafield><datafield ind1=' ' ind2='0' tag='650'><subfield code='a'>Songs (High voice) with piano.</subfield><subfield code='0'>http://id.loc.gov/authorities/subjects/sh85125149</subfield></datafield><datafield ind1=' ' ind2='0' tag='650'><subfield code='a'>Songs (Medium voice) with instrumental ensemble.</subfield><subfield code='0'>http://id.loc.gov/authorities/subjects/sh85125183</subfield></datafield><datafield ind1=' ' ind2='0' tag='650'><subfield code='a'>Songs (Medium voice) with piano.</subfield><subfield code='0'>http://id.loc.gov/authorities/subjects/sh85125188</subfield></datafield><datafield ind1=' ' ind2='0' tag='650'><subfield code='a'>Piano music (4 hands)</subfield><subfield code='0'>http://id.loc.gov/authorities/subjects/sh85101795</subfield></datafield><datafield ind1=' ' ind2='0' tag='650'><subfield code='a'>Waltzes.</subfield><subfield code='0'>http://id.loc.gov/authorities/subjects/sh85144994</subfield></datafield><datafield ind1=' ' ind2='0' tag='650'><subfield code='a'>Vocal duets with instrumental ensemble.</subfield><subfield code='0'>http://id.loc.gov/authorities/subjects/sh85144072</subfield></datafield><datafield ind1=' ' ind2='7' tag='650'><subfield code='a'>Piano music (4 hands)</subfield><subfield code='2'>fast</subfield><subfield code='0'>(OCoLC)fst01063420</subfield></datafield><datafield ind1=' ' ind2='7' tag='650'><subfield code='a'>Songs (High voice) with instrumental ensemble.</subfield><subfield code='2'>fast</subfield><subfield code='0'>(OCoLC)fst01126144</subfield></datafield><datafield ind1=' ' ind2='7' tag='650'><subfield code='a'>Songs (High voice) with piano.</subfield><subfield code='2'>fast</subfield><subfield code='0'>(OCoLC)fst01126153</subfield></datafield><datafield ind1=' ' ind2='7' tag='650'><subfield code='a'>Songs (Medium voice) with instrumental ensemble.</subfield><subfield code='2'>fast</subfield><subfield code='0'>(OCoLC)fst01126186</subfield></datafield><datafield ind1=' ' ind2='7' tag='650'><subfield code='a'>Songs (Medium voice) with piano.</subfield><subfield code='2'>fast</subfield><subfield code='0'>(OCoLC)fst01126193</subfield></datafield><datafield ind1=' ' ind2='7' tag='650'><subfield code='a'>Vocal duets with instrumental ensemble.</subfield><subfield code='2'>fast</subfield><subfield code='0'>(OCoLC)fst01168361</subfield></datafield><datafield ind1=' ' ind2='7' tag='650'><subfield code='a'>Waltzes.</subfield><subfield code='2'>fast</subfield><subfield code='0'>(OCoLC)fst01170245</subfield></datafield><datafield ind1=' ' ind2='7' tag='655'><subfield code='a'>Songs.</subfield><subfield code='2'>lcgft</subfield><subfield code='0'>http://id.loc.gov/authorities/genreForms/gf2014027103</subfield></datafield><datafield ind1=' ' ind2='7' tag='655'><subfield code='a'>Chamber music.</subfield><subfield code='2'>lcgft</subfield><subfield code='0'>http://id.loc.gov/authorities/genreForms/gf2014026704</subfield></datafield><datafield ind1=' ' ind2='7' tag='655'><subfield code='a'>Waltzes (Music)</subfield><subfield code='2'>lcgft</subfield><subfield code='0'>http://id.loc.gov/authorities/genreForms/gf2014027167</subfield></datafield><datafield ind1=' ' ind2='7' tag='655'><subfield code='a'>Chamber music.</subfield><subfield code='2'>fast</subfield><subfield code='0'>(OCoLC)fst01726551</subfield></datafield><datafield ind1=' ' ind2='7' tag='655'><subfield code='a'>Songs.</subfield><subfield code='2'>fast</subfield><subfield code='0'>(OCoLC)fst01726744</subfield></datafield><datafield ind1=' ' ind2='7' tag='655'><subfield code='a'>Waltzes (Music)</subfield><subfield code='2'>fast</subfield><subfield code='0'>(OCoLC)fst01920415</subfield></datafield><datafield ind1='1' ind2=' ' tag='700'><subfield code='a'>Beck, Dénise,</subfield><subfield code='e'>singer.</subfield><subfield code='4'>http://id.loc.gov/vocabulary/relators/sng</subfield><subfield code='0'>http://id.loc.gov/authorities/names/no2013138321</subfield></datafield><datafield ind1='1' ind2=' ' tag='700'><subfield code='a'>Baader, Christina,</subfield><subfield code='e'>singer.</subfield><subfield code='4'>http://id.loc.gov/vocabulary/relators/sng</subfield><subfield code='0'>http://id.loc.gov/authorities/names/no2015076794</subfield></datafield><datafield ind1='1' ind2=' ' tag='700'><subfield code='a'>Lambour, Christian,</subfield><subfield code='e'>instrumentalist.</subfield><subfield code='4'>http://id.loc.gov/vocabulary/relators/itr</subfield><subfield code='0'>http://id.loc.gov/authorities/names/no93032670</subfield></datafield><datafield ind1='1' ind2=' ' tag='700'><subfield code='a'>Hecher, Gert,</subfield><subfield code='e'>instrumentalist.</subfield><subfield code='4'>http://id.loc.gov/vocabulary/relators/itr</subfield><subfield code='0'>http://id.loc.gov/authorities/names/no96038764</subfield></datafield><datafield ind1='1' ind2=' ' tag='700'><subfield code='a'>Korol, Ilia,</subfield><subfield code='d'>1969-</subfield><subfield code='e'>instrumentalist.</subfield><subfield code='4'>http://id.loc.gov/vocabulary/relators/itr</subfield><subfield code='0'>http://id.loc.gov/authorities/names/n2007091079</subfield></datafield><datafield ind1='1' ind2=' ' tag='700'><subfield code='a'>Donáth, Lehel,</subfield><subfield code='e'>instrumentalist.</subfield><subfield code='4'>http://id.loc.gov/vocabulary/relators/itr</subfield><subfield code='0'>http://id.loc.gov/authorities/names/no2005115466</subfield></datafield><datafield ind1='1' ind2='2' tag='700'><subfield code='i'>Container of (work):</subfield><subfield code='a'>Mandyczewski, Eusebius.</subfield><subfield code='t'>Lieduri românești.</subfield><subfield code='k'>Selections.</subfield><subfield code='l'>German.</subfield></datafield><datafield ind1='1' ind2='2' tag='700'><subfield code='i'>Container of (work):</subfield><subfield code='a'>Mandyczewski, Eusebius.</subfield><subfield code='t'>Songs.</subfield><subfield code='k'>Selections.</subfield></datafield><datafield ind1='1' ind2='2' tag='700'><subfield code='i'>Container of (work):</subfield><subfield code='a'>Mandyczewski, Eusebius.</subfield><subfield code='t'>Walzer und Finale,</subfield><subfield code='m'>piano, 4 hands.</subfield></datafield><datafield ind1='8' ind2='0' tag='852'><subfield code='h'>CD27940</subfield><subfield code='0'>14555574</subfield><subfield code='b'>scsbcul</subfield></datafield><datafield ind1=' ' ind2=' ' tag='876'><subfield code='0'>14555574</subfield><subfield code='a'>20920331</subfield><subfield code='h'>In Library Use</subfield><subfield code='j'>Available</subfield><subfield code='p'>MR75569973</subfield><subfield code='t'>1</subfield><subfield code='x'>Open</subfield><subfield code='z'>MR</subfield><subfield code='l'>RECAP</subfield></datafield></record>