
<record><leader>01539cam a2200361   4500</leader><controlfield tag='001'>SCSB-9088349</controlfield><controlfield tag='003'>NNC</controlfield><controlfield tag='005'>20220518214840.0</controlfield><controlfield tag='008'>840111r19701872nyug          001 0 ger  </controlfield><controlfield tag='009'>208380</controlfield><datafield ind1=' ' ind2=' ' tag='010'><subfield code='a'>   68029518 </subfield></datafield><datafield ind1=' ' ind2=' ' tag='035'><subfield code='a'>(OCoLC)127151</subfield></datafield><datafield ind1=' ' ind2=' ' tag='035'><subfield code='a'>(OCoLC)ocm00127151</subfield></datafield><datafield ind1=' ' ind2=' ' tag='035'><subfield code='a'>(CStRLIN)NYCG84-B1363</subfield></datafield><datafield ind1=' ' ind2=' ' tag='035'><subfield code='9'>AAY0110CU</subfield></datafield><datafield ind1=' ' ind2=' ' tag='035'><subfield code='a'>(NNC)208380</subfield></datafield><datafield ind1=' ' ind2=' ' tag='035'><subfield code='a'>208380</subfield></datafield><datafield ind1=' ' ind2=' ' tag='040'><subfield code='c'>CSt</subfield><subfield code='d'>CSt</subfield><subfield code='d'>CU-A</subfield><subfield code='d'>NNC</subfield></datafield><datafield ind1=' ' ind2='0' tag='050'><subfield code='a'>ML410.B4.N89</subfield></datafield><datafield ind1=' ' ind2=' ' tag='090'><subfield code='a'>ML410.B4</subfield><subfield code='b'>N91 1970</subfield></datafield><datafield ind1='1' ind2=' ' tag='100'><subfield code='a'>Nottebohm, Gustav,</subfield><subfield code='d'>1817-1882.</subfield><subfield code='0'>http://id.loc.gov/authorities/names/n79089297</subfield></datafield><datafield ind1='1' ind2='0' tag='245'><subfield code='a'>Beethoveniana /</subfield><subfield code='c'>With a new introd. in English by Paul Henry Lang.</subfield></datafield><datafield ind1=' ' ind2=' ' tag='260'><subfield code='a'>New York :</subfield><subfield code='b'>Johnson Reprint Corp.,</subfield><subfield code='c'>1970.</subfield></datafield><datafield ind1=' ' ind2=' ' tag='300'><subfield code='a'>2 volumes :</subfield><subfield code='b'>music ;</subfield><subfield code='c'>23 cm</subfield></datafield><datafield ind1=' ' ind2=' ' tag='336'><subfield code='a'>text</subfield><subfield code='2'>rdacontent</subfield></datafield><datafield ind1=' ' ind2=' ' tag='337'><subfield code='a'>unmediated</subfield><subfield code='2'>rdamedia</subfield></datafield><datafield ind1=' ' ind2=' ' tag='338'><subfield code='a'>volume</subfield><subfield code='2'>rdacarrier</subfield></datafield><datafield ind1=' ' ind2=' ' tag='500'><subfield code='a'>In German.</subfield></datafield><datafield ind1=' ' ind2=' ' tag='500'><subfield code='a'>Reprints of the 1872, 1865, 1880, 1887 and 1888 editions.</subfield></datafield><datafield ind1='0' ind2=' ' tag='505'><subfield code='a'>v.1. Beethoveniana: Aufsätze und Mittheilungen. Ein Skizzenbuch von Beethoven. Ein Skizzenbuch von Beethoven aus dem Jahre 1803.--v.2. Zweite Beethoveniana. Namen- und Sachregister zu Nottebohm&apos;s Beethoveniana und Zweite Beethoveniana, zusammengestellt von Eusebius Mandyczewski.</subfield></datafield><datafield ind1='1' ind2='0' tag='600'><subfield code='a'>Beethoven, Ludwig van,</subfield><subfield code='d'>1770-1827.</subfield><subfield code='0'>http://id.loc.gov/authorities/names/n79107741</subfield></datafield><datafield ind1='1' ind2=' ' tag='700'><subfield code='a'>Mandyczewski, Eusebius.</subfield><subfield code='0'>http://id.loc.gov/authorities/names/n84040505</subfield></datafield><datafield ind1='1' ind2='2' tag='700'><subfield code='a'>Beethoven, Ludwig van,</subfield><subfield code='d'>1770-1827.</subfield><subfield code='t'>Works.</subfield><subfield code='k'>Selections (Sketches).</subfield><subfield code='f'>1970.</subfield></datafield><datafield ind1=' ' ind2=' ' tag='901'><subfield code='a'>f571ce71-8ba9-4ac9-bb66-43042afda700</subfield><subfield code='b'>5</subfield><subfield code='c'>false</subfield></datafield><datafield ind1='0' ind2='1' tag='852'><subfield code='h'>ML410.B4 N91 1970</subfield><subfield code='0'>9322236</subfield><subfield code='b'>scsbcul</subfield></datafield><datafield ind1='0' ind2='0' tag='866'><subfield code='a'>2v. 1970</subfield><subfield code='0'>9322236</subfield></datafield><datafield ind1=' ' ind2=' ' tag='876'><subfield code='0'>9322236</subfield><subfield code='3'>v.1</subfield><subfield code='a'>14972218</subfield><subfield code='h'> </subfield><subfield code='j'>Available</subfield><subfield code='p'>CU23722096</subfield><subfield code='t'>1</subfield><subfield code='x'>Shared</subfield><subfield code='z'>CU</subfield><subfield code='l'>RECAP</subfield></datafield><datafield ind1=' ' ind2=' ' tag='876'><subfield code='0'>9322236</subfield><subfield code='3'>v.2</subfield><subfield code='a'>14973945</subfield><subfield code='h'> </subfield><subfield code='j'>Available</subfield><subfield code='p'>CU23722100</subfield><subfield code='t'>1</subfield><subfield code='x'>Shared</subfield><subfield code='z'>CU</subfield><subfield code='l'>RECAP</subfield></datafield></record>