
<record><leader>03397cam a22005054a 4500</leader><controlfield tag='001'>SCSB-9091802</controlfield><controlfield tag='003'>NNC</controlfield><controlfield tag='005'>20221122030957.0</controlfield><controlfield tag='008'>080118t20072007gw       b    001 0 eng  </controlfield><controlfield tag='009'>6380965</controlfield><datafield ind1=' ' ind2=' ' tag='010'><subfield code='a'>  2008560588</subfield></datafield><datafield ind1='7' ind2=' ' tag='016'><subfield code='a'>986854093</subfield><subfield code='2'>DE-101</subfield></datafield><datafield ind1=' ' ind2=' ' tag='020'><subfield code='a'>9783761821015</subfield></datafield><datafield ind1=' ' ind2=' ' tag='020'><subfield code='a'>3761821018</subfield></datafield><datafield ind1='1' ind2=' ' tag='029'><subfield code='a'>HEBIS</subfield><subfield code='b'>194606511</subfield></datafield><datafield ind1='1' ind2=' ' tag='029'><subfield code='a'>GEBAY</subfield><subfield code='b'>10702776</subfield></datafield><datafield ind1=' ' ind2=' ' tag='035'><subfield code='a'>(OCoLC)ocn220110549</subfield></datafield><datafield ind1=' ' ind2=' ' tag='035'><subfield code='a'>(OCoLC)269378129</subfield></datafield><datafield ind1=' ' ind2=' ' tag='035'><subfield code='a'>(GyWOH)har075025884</subfield></datafield><datafield ind1=' ' ind2=' ' tag='035'><subfield code='a'>(OCoLC)ocn269378129</subfield></datafield><datafield ind1=' ' ind2=' ' tag='035'><subfield code='a'>(NNC)6380965</subfield></datafield><datafield ind1=' ' ind2=' ' tag='035'><subfield code='a'>(OCoLC)220110549</subfield></datafield><datafield ind1=' ' ind2=' ' tag='035'><subfield code='a'>6380965</subfield></datafield><datafield ind1=' ' ind2=' ' tag='040'><subfield code='a'>DLC</subfield><subfield code='b'>eng</subfield><subfield code='c'>DLC</subfield><subfield code='d'>BTCTA</subfield><subfield code='d'>OCLCG</subfield><subfield code='d'>IUL</subfield><subfield code='d'>HEBIS</subfield><subfield code='d'>OCLCQ</subfield></datafield><datafield ind1=' ' ind2=' ' tag='042'><subfield code='a'>pcc</subfield></datafield><datafield ind1='0' ind2='0' tag='050'><subfield code='a'>ML410.B8</subfield><subfield code='b'>M89 2007</subfield></datafield><datafield ind1='0' ind2='4' tag='082'><subfield code='a'>780.92</subfield><subfield code='2'>DDC22ger</subfield></datafield><datafield ind1='0' ind2='0' tag='245'><subfield code='a'>Musik und Musikforschung :</subfield><subfield code='b'>Johannes Brahms im Dialog mit der Geschichte : eine Veröffentlichung des Brahms-Instituts and der Musikhochschule Lübeck /</subfield><subfield code='c'>herausgegeben von Wolfgang Sandberger und Christiane Wiesenfeldt.</subfield></datafield><datafield ind1=' ' ind2=' ' tag='260'><subfield code='a'>Kassel ;</subfield><subfield code='a'>New York :</subfield><subfield code='b'>Barenreiter,</subfield><subfield code='c'>[2007], ©2007.</subfield></datafield><datafield ind1=' ' ind2=' ' tag='300'><subfield code='a'>360 pages ;</subfield><subfield code='c'>24 cm</subfield></datafield><datafield ind1=' ' ind2=' ' tag='336'><subfield code='a'>text</subfield><subfield code='b'>txt</subfield><subfield code='2'>rdacontent</subfield></datafield><datafield ind1=' ' ind2=' ' tag='337'><subfield code='a'>unmediated</subfield><subfield code='b'>n</subfield><subfield code='2'>rdamedia</subfield></datafield><datafield ind1=' ' ind2=' ' tag='504'><subfield code='a'>Includes bibliographical references and index.</subfield></datafield><datafield ind1='0' ind2=' ' tag='505'><subfield code='a'>&quot;Musikwissenschaft und Musik&quot; : Johannes Brahms im Dialog mit Philipp Spitta / Woffgang Sandberger -- Vom Umgang mit Geschichte Johannes Brahms und die Aufführungspraxis Bachscher Musik / Hans-Joachim Hinrichsen -- Komponieren in historischen Werkstätten : Das Finale der Violoncello-Sonate op. 38 von Brahms und seine Bezuge zu Bach und Beethoven / Siegfried Oechsle -- Eine Gattung in der Kritik : Die Violoncello-Sonate im Spiegel von Selmar Bagge und Johannes Brahms / Christiane Wiesenfeldt -- Zu Johannes Brahms&apos; Verständnis der Kirchentonarten / Hartmut Krones -- Die &quot;Abschriften alter Musik&quot; in der Bibliothek von Johannes Brahms / Siegfried Kross -- Beobachtungen zum Verhältnis von Sprache und Musik im &quot;Deutschen Requiem&quot; op. 45 von Johannes Brahms / Andreas Ickstadt -- &quot;Seinen Unterricht kann ich ernstlich empfehlen&quot; : Kontrapunkt bei Gustav Nottebohm und. Eusebius Mandyczewski / Johannes Behr -- Editor im Doppelspiegel : Johannes Brahms als Herausgeber fremder und eigener Werke / Michael Struck -- &quot;Oh, über die Philologen!&quot; : Zu Johannes Brahms&apos; Selbstverständnis als Editor / Peter Schmitz -- Johannes Brahms im Briefwechsel mit Friedrich Chrysander / Hans Joachim Marx -- Johannes Brahms im Briefwechsel mit Eduard Hanslick / Christiane Wiesenfeldt.</subfield></datafield><datafield ind1='1' ind2='0' tag='600'><subfield code='a'>Brahms, Johannes,</subfield><subfield code='d'>1833-1897</subfield><subfield code='x'>Criticism and interpretation.</subfield></datafield><datafield ind1='1' ind2='0' tag='600'><subfield code='a'>Brahms, Johannes,</subfield><subfield code='d'>1833-1897</subfield><subfield code='v'>Correspondence.</subfield></datafield><datafield ind1='1' ind2='7' tag='600'><subfield code='a'>Brahms, Johannes.</subfield><subfield code='2'>swd</subfield></datafield><datafield ind1='0' ind2='7' tag='650'><subfield code='a'>Alte Musik.</subfield><subfield code='2'>swd</subfield></datafield><datafield ind1='1' ind2=' ' tag='700'><subfield code='a'>Sandberger, Wolfgang,</subfield><subfield code='e'>editor,</subfield><subfield code='e'>contributor.</subfield><subfield code='4'>http://id.loc.gov/vocabulary/relators/edt</subfield><subfield code='4'>http://id.loc.gov/vocabulary/relators/ctb</subfield><subfield code='0'>http://id.loc.gov/authorities/names/n97021234</subfield></datafield><datafield ind1='1' ind2=' ' tag='700'><subfield code='a'>Wiesenfeldt, Christiane,</subfield><subfield code='e'>editor,</subfield><subfield code='e'>contributor.</subfield><subfield code='4'>http://id.loc.gov/vocabulary/relators/edt</subfield><subfield code='4'>http://id.loc.gov/vocabulary/relators/ctb</subfield><subfield code='0'>http://id.loc.gov/authorities/names/no2006043177</subfield></datafield><datafield ind1='2' ind2=' ' tag='710'><subfield code='a'>Brahms-Institut.</subfield><subfield code='0'>http://id.loc.gov/authorities/names/nr95017368</subfield></datafield><datafield ind1='2' ind2=' ' tag='710'><subfield code='a'>Musikhochschule Lübeck.</subfield><subfield code='0'>http://id.loc.gov/authorities/names/nr95033567</subfield></datafield><datafield ind1=' ' ind2=' ' tag='901'><subfield code='a'>fa98805d-ec5c-4a07-ac5c-4b3897d9fa9d</subfield><subfield code='b'>17</subfield><subfield code='c'>false</subfield></datafield><datafield ind1='0' ind2='0' tag='852'><subfield code='h'>ML410.B8 M89 2007g</subfield><subfield code='0'>9325871</subfield><subfield code='b'>scsbcul</subfield></datafield><datafield ind1=' ' ind2=' ' tag='876'><subfield code='0'>9325871</subfield><subfield code='a'>14976371</subfield><subfield code='h'> </subfield><subfield code='j'>Available</subfield><subfield code='p'>CU75270110</subfield><subfield code='t'>1</subfield><subfield code='x'>Shared</subfield><subfield code='z'>CU</subfield><subfield code='l'>RECAP</subfield></datafield></record>