
<record><leader>01422nam a2200385Ii 4500</leader><controlfield tag='001'>SCSB-8386194</controlfield><controlfield tag='003'>OCoLC</controlfield><controlfield tag='005'>20161021120741.0</controlfield><controlfield tag='008'>161021s2014    br a   j      000 1 por d</controlfield><controlfield tag='009'>.b21103163x</controlfield><datafield ind1=' ' ind2=' ' tag='020'><subfield code='a'>9788540506411</subfield></datafield><datafield ind1=' ' ind2=' ' tag='020'><subfield code='a'>8540506416</subfield></datafield><datafield ind1=' ' ind2=' ' tag='040'><subfield code='a'>NYP</subfield><subfield code='b'>eng</subfield><subfield code='e'>rda</subfield><subfield code='c'>NYP</subfield></datafield><datafield ind1='1' ind2=' ' tag='041'><subfield code='a'>por</subfield><subfield code='h'>eng</subfield></datafield><datafield ind1=' ' ind2=' ' tag='043'><subfield code='a'>e-uk-en</subfield></datafield><datafield ind1=' ' ind2=' ' tag='049'><subfield code='a'>NYPP</subfield></datafield><datafield ind1='1' ind2=' ' tag='100'><subfield code='a'>Travers, P. L.</subfield><subfield code='q'>(Pamela Lyndon),</subfield><subfield code='d'>1899-1996,</subfield><subfield code='e'>author.</subfield></datafield><datafield ind1='1' ind2='0' tag='240'><subfield code='a'>Mary Poppins.</subfield><subfield code='l'>Portuguese</subfield></datafield><datafield ind1='1' ind2='0' tag='245'><subfield code='a'>Mary Poppins /</subfield><subfield code='c'>P.L. Travers ; ilustrações Ronaldo Fraga ; tradução Joca Reiners Terron ; posfácio Sandra Guardini T. Vasconcelos.</subfield></datafield><datafield ind1=' ' ind2='1' tag='264'><subfield code='a'>São Paulo :</subfield><subfield code='b'>Cosac Naify,</subfield><subfield code='c'>[2014]</subfield></datafield><datafield ind1=' ' ind2=' ' tag='300'><subfield code='a'>190 pages :</subfield><subfield code='b'>illustrations ;</subfield><subfield code='c'>29 cm</subfield></datafield><datafield ind1=' ' ind2=' ' tag='336'><subfield code='a'>text</subfield><subfield code='2'>rdacontent</subfield></datafield><datafield ind1=' ' ind2=' ' tag='336'><subfield code='a'>still image</subfield><subfield code='2'>rdacontent</subfield></datafield><datafield ind1=' ' ind2=' ' tag='337'><subfield code='a'>unmediated</subfield><subfield code='2'>rdamedia</subfield></datafield><datafield ind1=' ' ind2=' ' tag='338'><subfield code='a'>volume</subfield><subfield code='2'>rdacarrier</subfield></datafield><datafield ind1=' ' ind2='0' tag='650'><subfield code='a'>Poppins, Mary (Fictitious character)</subfield><subfield code='v'>Juvenile fiction.</subfield></datafield><datafield ind1=' ' ind2='0' tag='650'><subfield code='a'>Nannies</subfield><subfield code='z'>England</subfield><subfield code='z'>London</subfield><subfield code='v'>Juvenile fiction.</subfield></datafield><datafield ind1=' ' ind2='0' tag='650'><subfield code='a'>Magic</subfield><subfield code='v'>Juvenile fiction.</subfield></datafield><datafield ind1='1' ind2=' ' tag='700'><subfield code='a'>Fraga, Ronaldo,</subfield><subfield code='d'>1966-</subfield><subfield code='e'>illustrator.</subfield></datafield><datafield ind1='1' ind2=' ' tag='700'><subfield code='a'>Terron, Joca Reiners,</subfield><subfield code='d'>1968-</subfield><subfield code='e'>translator.</subfield></datafield><datafield ind1='1' ind2=' ' tag='700'><subfield code='a'>Vasconcelos, Sandra Guardini T.,</subfield><subfield code='e'>writer of afterword.</subfield></datafield><datafield ind1=' ' ind2=' ' tag='907'><subfield code='a'>.b21103163x</subfield><subfield code='c'>m</subfield><subfield code='d'>a</subfield><subfield code='e'>-</subfield><subfield code='f'>por</subfield><subfield code='g'>br</subfield><subfield code='h'>0</subfield><subfield code='i'>1</subfield></datafield><datafield ind1=' ' ind2=' ' tag='035'><subfield code='a'>(OCoLC)960971782</subfield></datafield><datafield ind1='8' ind2=' ' tag='852'><subfield code='h'>ReCAP 16-21090</subfield><subfield code='0'>8541355</subfield><subfield code='b'>scsbnypl</subfield></datafield><datafield ind1=' ' ind2=' ' tag='876'><subfield code='0'>8541355</subfield><subfield code='a'>13928458</subfield><subfield code='j'>Available</subfield><subfield code='p'>33433118367725</subfield><subfield code='t'>1</subfield><subfield code='x'>Shared</subfield><subfield code='z'>NA</subfield><subfield code='l'>RECAP</subfield></datafield></record>