
<record><leader>00833cam a2200253ui 4500</leader><controlfield tag='001'>SCSB-11434268</controlfield><controlfield tag='005'>20030904113434.0</controlfield><controlfield tag='008'>800110s1963    nyua   j      00011 eng d</controlfield><controlfield tag='009'>990014362350203941</controlfield><datafield ind1=' ' ind2=' ' tag='010'><subfield code='a'>^^^64006824^</subfield></datafield><datafield ind1=' ' ind2=' ' tag='035'><subfield code='a'>(OCoLC)166385</subfield><subfield code='z'>(OCoLC)5262652</subfield><subfield code='z'>(OCoLC)5861338</subfield><subfield code='z'>(OCoLC)23027748</subfield><subfield code='z'>(OCoLC)680104533</subfield><subfield code='z'>(OCoLC)979580172</subfield><subfield code='z'>(OCoLC)980013852</subfield><subfield code='z'>(OCoLC)987952309</subfield><subfield code='z'>(OCoLC)1001869512</subfield><subfield code='z'>(OCoLC)1007566064</subfield><subfield code='z'>(OCoLC)1010905221</subfield><subfield code='z'>(OCoLC)1023003612</subfield><subfield code='z'>(OCoLC)1031252252</subfield><subfield code='z'>(OCoLC)1295482517</subfield><subfield code='z'>(OCoLC)1295686530</subfield><subfield code='z'>(OCoLC)1296978485</subfield><subfield code='z'>(OCoLC)1319597491</subfield><subfield code='z'>(OCoLC)1321918107</subfield><subfield code='z'>(OCoLC)1321919371</subfield><subfield code='z'>(OCoLC)1321922845</subfield><subfield code='z'>(OCoLC)1331154253</subfield><subfield code='z'>(OCoLC)1507446099</subfield></datafield><datafield ind1=' ' ind2=' ' tag='040'><subfield code='a'>KKC</subfield><subfield code='c'>KKC</subfield><subfield code='d'>m.c.</subfield><subfield code='d'>OCL</subfield></datafield><datafield ind1='0' ind2=' ' tag='050'><subfield code='a'>PZ7.T689</subfield><subfield code='b'>Mar 10 1963</subfield></datafield><datafield ind1='1' ind2=' ' tag='100'><subfield code='a'>Travers, P. L.</subfield><subfield code='q'>(Pamela Lyndon),</subfield><subfield code='d'>1899-1996</subfield></datafield><datafield ind1='0' ind2='0' tag='245'><subfield code='a'>Mary Poppins and Mary Poppins comes back /</subfield><subfield code='c'>by P. L. Travers ; illustrated by Mary Shepard.</subfield></datafield><datafield ind1='3' ind2=' ' tag='246'><subfield code='a'>Mary Poppins comes back.</subfield></datafield><datafield ind1='3' ind2=' ' tag='246'><subfield code='a'>Mary Poppins.</subfield></datafield><datafield ind1=' ' ind2=' ' tag='260'><subfield code='a'>New York :</subfield><subfield code='b'>Harcourt,</subfield><subfield code='c'>c1963.</subfield></datafield><datafield ind1=' ' ind2=' ' tag='300'><subfield code='a'>vii, 350 p., [8] leaves of plates :</subfield><subfield code='b'>ill. (some col.) ;</subfield><subfield code='c'>24 cm.</subfield></datafield><datafield ind1=' ' ind2=' ' tag='500'><subfield code='a'>Lining-papers illustrated in colors.</subfield></datafield><datafield ind1=' ' ind2=' ' tag='520'><subfield code='a'>Two Books in one about the adventures of two English children and their extraordinary nanny.</subfield></datafield><datafield ind1='0' ind2='0' tag='505'><subfield code='t'>Mary Poppins --</subfield><subfield code='t'>Mary Poppins comes back.</subfield></datafield><datafield ind1=' ' ind2='0' tag='650'><subfield code='a'>Fantasy</subfield><subfield code='v'>Juvenile fiction</subfield></datafield><datafield ind1=' ' ind2='0' tag='650'><subfield code='a'>Fairy tales</subfield></datafield><datafield ind1=' ' ind2='7' tag='655'><subfield code='a'>Fiction</subfield><subfield code='2'>fast</subfield></datafield><datafield ind1=' ' ind2='7' tag='655'><subfield code='a'>Juvenile works</subfield><subfield code='2'>fast</subfield></datafield><datafield ind1='1' ind2='0' tag='600'><subfield code='a'>Poppins, Mary</subfield><subfield code='c'>(Fictitious character)</subfield><subfield code='v'>Juvenile fiction.</subfield></datafield><datafield ind1='1' ind2='7' tag='600'><subfield code='a'>Poppins, Mary</subfield><subfield code='c'>(Fictitious character)</subfield><subfield code='2'>fast</subfield><subfield code='0'>(OCoLC)fst01071334</subfield></datafield><datafield ind1=' ' ind2='2' tag='650'><subfield code='a'>Fantasy</subfield></datafield><datafield ind1='1' ind2=' ' tag='700'><subfield code='a'>Shepard, Mary</subfield><subfield code='e'>illustrator.</subfield></datafield><datafield ind1='1' ind2=' ' tag='583'><subfield code='a'>committed to retain</subfield><subfield code='c'>20181001</subfield><subfield code='d'>in perpetuity</subfield><subfield code='f'>ReCAP Shared Collection</subfield><subfield code='5'>HUL</subfield><subfield code='8'>221808851860003941</subfield></datafield><datafield ind1='7' ind2=' ' tag='852'><subfield code='2'>ZHCL</subfield><subfield code='c'>HD</subfield><subfield code='h'>PZ 7114.53.15</subfield><subfield code='0'>12242912</subfield><subfield code='b'>scsbhl</subfield></datafield><datafield ind1=' ' ind2=' ' tag='876'><subfield code='0'>12242912</subfield><subfield code='a'>18012210</subfield><subfield code='h'> </subfield><subfield code='j'>Available</subfield><subfield code='k'>WID</subfield><subfield code='p'>HN5RZF</subfield><subfield code='x'>Shared</subfield><subfield code='z'>HW</subfield><subfield code='l'>HD</subfield></datafield></record>