
<record><leader>00000nam  2200229   4500</leader><controlfield tag='001'>SCSB-6677943</controlfield><controlfield tag='005'>20060625140923.0</controlfield><controlfield tag='008'>941024s1937    nyua   j      000 1 eng dnam   </controlfield><controlfield tag='009'>.b170990102</controlfield><datafield ind1='1' ind2=' ' tag='100'><subfield code='a'>Travers, P. L.</subfield><subfield code='q'>(Pamela L.),</subfield><subfield code='d'>1906-</subfield></datafield><datafield ind1='1' ind2=' ' tag='700'><subfield code='a'>Shepard, Mary,</subfield><subfield code='d'>1909-</subfield><subfield code='e'>ill.</subfield></datafield><datafield ind1=' ' ind2=' ' tag='091'><subfield code='p'>J</subfield><subfield code='a'>FIC</subfield><subfield code='c'>TRAVERS</subfield></datafield><datafield ind1=' ' ind2='7' tag='655'><subfield code='a'>Fantasy fiction.</subfield><subfield code='2'>lcgft</subfield></datafield><datafield ind1=' ' ind2=' ' tag='010'><subfield code='a'>   37038860</subfield></datafield><datafield ind1=' ' ind2=' ' tag='520'><subfield code='a'>Two novels about the magical nanny who takes a position in the proper household of a London banker.</subfield></datafield><datafield ind1=' ' ind2=' ' tag='260'><subfield code='a'>New York :</subfield><subfield code='b'>Reynal &amp; Hitchcock,</subfield><subfield code='c'>c1937.</subfield></datafield><datafield ind1=' ' ind2=' ' tag='300'><subfield code='a'>ix, 349 p., [17] leaves of plates :</subfield><subfield code='b'>ill. (some col.) ;</subfield><subfield code='c'>24 cm.</subfield></datafield><datafield ind1='1' ind2='0' tag='245'><subfield code='a'>Mary Poppins, and Mary Poppins comes back /</subfield><subfield code='c'>by P.L. Travers ; illustrated by Mary Shepard.</subfield></datafield><datafield ind1='0' ind2=' ' tag='740'><subfield code='a'>Mary Poppins comes back.</subfield></datafield><datafield ind1=' ' ind2=' ' tag='995'><subfield code='a'>818398</subfield></datafield><datafield ind1=' ' ind2=' ' tag='996'><subfield code='a'>941340046</subfield></datafield><datafield ind1=' ' ind2=' ' tag='040'><subfield code='d'>UtOrBLW</subfield></datafield><datafield ind1=' ' ind2=' ' tag='910'><subfield code='a'>RL</subfield></datafield><datafield ind1='0' ind2='0' tag='907'><subfield code='a'>.b170990102</subfield></datafield><datafield ind1='8' ind2=' ' tag='852'><subfield code='h'>J FIC T</subfield><subfield code='0'>6759269</subfield><subfield code='b'>scsbnypl</subfield></datafield><datafield ind1=' ' ind2=' ' tag='876'><subfield code='0'>6759269</subfield><subfield code='a'>10912738</subfield><subfield code='j'>Available</subfield><subfield code='p'>33333081152643</subfield><subfield code='t'>1</subfield><subfield code='x'>Shared</subfield><subfield code='z'>NH</subfield><subfield code='l'>RECAP</subfield></datafield></record>