
<record><leader>01332cam a2200373 i 4500</leader><controlfield tag='001'>SCSB-2165451</controlfield><controlfield tag='003'>NNC</controlfield><controlfield tag='005'>20220518184817.0</controlfield><controlfield tag='008'>801009t19781978sw a     b    000 0 eng  </controlfield><controlfield tag='009'>32115</controlfield><datafield ind1=' ' ind2=' ' tag='010'><subfield code='a'>   79303140 </subfield></datafield><datafield ind1=' ' ind2=' ' tag='015'><subfield code='a'>S78-30</subfield></datafield><datafield ind1=' ' ind2=' ' tag='020'><subfield code='a'>9122001271</subfield></datafield><datafield ind1=' ' ind2=' ' tag='035'><subfield code='a'>(OCoLC)4932012</subfield></datafield><datafield ind1=' ' ind2=' ' tag='035'><subfield code='a'>(OCoLC)ocm04932012</subfield></datafield><datafield ind1=' ' ind2=' ' tag='035'><subfield code='a'>(CStRLIN)NYCG18972160-B</subfield></datafield><datafield ind1=' ' ind2=' ' tag='035'><subfield code='9'>AAD3544CU</subfield></datafield><datafield ind1=' ' ind2=' ' tag='035'><subfield code='a'>(NNC)32115</subfield></datafield><datafield ind1=' ' ind2=' ' tag='035'><subfield code='a'>32115</subfield></datafield><datafield ind1='0' ind2='0' tag='050'><subfield code='a'>PR6039.R32</subfield><subfield code='b'>Z56</subfield></datafield><datafield ind1='0' ind2=' ' tag='082'><subfield code='a'>823/.9/12</subfield></datafield><datafield ind1=' ' ind2=' ' tag='090'><subfield code='a'>PR6039.R32</subfield><subfield code='b'>Z56</subfield></datafield><datafield ind1='1' ind2=' ' tag='100'><subfield code='a'>Bergsten, Staffan,</subfield><subfield code='d'>1932-</subfield><subfield code='0'>http://id.loc.gov/authorities/names/n79011177</subfield></datafield><datafield ind1='1' ind2='0' tag='245'><subfield code='a'>Mary Poppins and myth /</subfield><subfield code='c'>by Staffan Bergsten.</subfield></datafield><datafield ind1=' ' ind2=' ' tag='260'><subfield code='a'>Stockholm :</subfield><subfield code='b'>Almqvist &amp; Wiksell international,</subfield><subfield code='c'>[1978], ©1978.</subfield></datafield><datafield ind1=' ' ind2=' ' tag='300'><subfield code='a'>7 unnumbered pages, 79 pages :</subfield><subfield code='b'>illustrations ;</subfield><subfield code='c'>24 cm.</subfield></datafield><datafield ind1=' ' ind2=' ' tag='336'><subfield code='a'>text</subfield><subfield code='2'>rdacontent</subfield></datafield><datafield ind1=' ' ind2=' ' tag='337'><subfield code='a'>unmediated</subfield><subfield code='2'>rdamedia</subfield></datafield><datafield ind1=' ' ind2=' ' tag='338'><subfield code='a'>volume</subfield><subfield code='2'>rdacarrier</subfield></datafield><datafield ind1='1' ind2=' ' tag='490'><subfield code='a'>Studies published by the Swedish Institute for Children&apos;s Books ; 8</subfield></datafield><datafield ind1=' ' ind2=' ' tag='504'><subfield code='a'>Bibliography of works by and about P. L. Travers: p. 75-76.</subfield></datafield><datafield ind1='1' ind2='0' tag='600'><subfield code='a'>Travers, P. L.</subfield><subfield code='q'>(Pamela Lyndon),</subfield><subfield code='d'>1899-1996</subfield><subfield code='x'>Characters</subfield><subfield code='x'>Mary Poppins.</subfield></datafield><datafield ind1=' ' ind2='0' tag='650'><subfield code='a'>Myth in literature.</subfield><subfield code='0'>http://id.loc.gov/authorities/subjects/sh85089366</subfield></datafield><datafield ind1=' ' ind2='0' tag='830'><subfield code='a'>Skrifter utgivna av Svenska barnboksinstitutet ;</subfield><subfield code='v'>nr 8.</subfield></datafield><datafield ind1='0' ind2='0' tag='852'><subfield code='h'>PR6039.R32 Z56</subfield><subfield code='0'>2132135</subfield><subfield code='b'>scsbcul</subfield></datafield><datafield ind1=' ' ind2=' ' tag='876'><subfield code='0'>2132135</subfield><subfield code='a'>3296923</subfield><subfield code='h'> </subfield><subfield code='j'>Available</subfield><subfield code='p'>CU55395570</subfield><subfield code='t'>1</subfield><subfield code='x'>Shared</subfield><subfield code='z'>CU</subfield><subfield code='l'>RECAP</subfield></datafield></record>