
<record><leader>01279cam a22003495a 4500</leader><controlfield tag='001'>SCSB-7325195</controlfield><controlfield tag='003'>CStRLIN</controlfield><controlfield tag='005'>20000629182509.0</controlfield><controlfield tag='008'>921016m19919999sp a     b    000 0 spa  </controlfield><controlfield tag='009'>.b118508842</controlfield><datafield ind1=' ' ind2=' ' tag='010'><subfield code='a'>92163866</subfield></datafield><datafield ind1=' ' ind2=' ' tag='020'><subfield code='a'>848633585X (tomo 1)</subfield></datafield><datafield ind1=' ' ind2=' ' tag='020'><subfield code='a'>8486335922 (obra completa)</subfield></datafield><datafield ind1=' ' ind2=' ' tag='040'><subfield code='a'>DLC</subfield><subfield code='c'>DLC</subfield><subfield code='d'>NN</subfield><subfield code='d'>WaOLN</subfield></datafield><datafield ind1=' ' ind2=' ' tag='043'><subfield code='a'>e-sp---</subfield></datafield><datafield ind1='0' ind2='0' tag='050'><subfield code='a'>IN PROCESS</subfield></datafield><datafield ind1='1' ind2=' ' tag='100'><subfield code='a'>Santos Torres, José,</subfield><subfield code='d'>1927-</subfield></datafield><datafield ind1='1' ind2='3' tag='245'><subfield code='a'>El bandolerismo en Andalucía /</subfield><subfield code='c'>José Santos Torres.</subfield></datafield><datafield ind1=' ' ind2=' ' tag='250'><subfield code='a'>1. ed.</subfield></datafield><datafield ind1=' ' ind2=' ' tag='260'><subfield code='a'>Sevilla :</subfield><subfield code='b'>Muñoz Moya y Montraveta Editores,</subfield><subfield code='c'>1991-</subfield></datafield><datafield ind1=' ' ind2=' ' tag='300'><subfield code='a'>v. :</subfield><subfield code='b'>ill. ;</subfield><subfield code='c'>20 cm.</subfield></datafield><datafield ind1=' ' ind2='0' tag='440'><subfield code='a'>Biblioteca andaluza</subfield></datafield><datafield ind1=' ' ind2=' ' tag='504'><subfield code='a'>Includes bibliographical references.</subfield></datafield><datafield ind1='1' ind2=' ' tag='505'><subfield code='a'>1. Sevilla y su Antiguo Reyno -- 2. Sevilla en 1833. José María el Tempranillo y el Marquéz de las Amarillas.</subfield></datafield><datafield ind1=' ' ind2='0' tag='650'><subfield code='a'>Brigands and robbers</subfield><subfield code='z'>Spain</subfield><subfield code='z'>Andalusia</subfield><subfield code='x'>History.</subfield></datafield><datafield ind1=' ' ind2=' ' tag='907'><subfield code='a'>.b118508842</subfield><subfield code='c'>m</subfield><subfield code='d'>a</subfield><subfield code='e'>-</subfield><subfield code='f'>spa</subfield><subfield code='g'>sp</subfield><subfield code='h'>3</subfield><subfield code='i'>4</subfield></datafield><datafield ind1='8' ind2=' ' tag='852'><subfield code='h'>JFK 92-367</subfield><subfield code='0'>7422281</subfield><subfield code='b'>scsbnypl</subfield></datafield><datafield ind1=' ' ind2=' ' tag='866'><subfield code='a'>1-2-</subfield><subfield code='0'>7422281</subfield></datafield><datafield ind1=' ' ind2=' ' tag='876'><subfield code='0'>7422281</subfield><subfield code='3'>v. 1</subfield><subfield code='a'>12136107</subfield><subfield code='j'>Available</subfield><subfield code='p'>33433005419936</subfield><subfield code='t'>1</subfield><subfield code='x'>Shared</subfield><subfield code='z'>NA</subfield><subfield code='l'>RECAP</subfield></datafield><datafield ind1=' ' ind2=' ' tag='876'><subfield code='0'>7422281</subfield><subfield code='3'>v. 2</subfield><subfield code='a'>12136108</subfield><subfield code='j'>Available</subfield><subfield code='p'>33433005419944</subfield><subfield code='t'>1</subfield><subfield code='x'>Shared</subfield><subfield code='z'>NA</subfield><subfield code='l'>RECAP</subfield></datafield></record>