
<record><leader>01241cam a2200349ui 4500</leader><controlfield tag='001'>SCSB-8325420</controlfield><controlfield tag='003'>OCoLC</controlfield><controlfield tag='005'>20150818143308.0</controlfield><controlfield tag='008'>150708s2015    po       m    000 0 por d</controlfield><controlfield tag='009'>.b20721170x</controlfield><datafield ind1=' ' ind2=' ' tag='020'><subfield code='a'>9789897031243</subfield></datafield><datafield ind1=' ' ind2=' ' tag='020'><subfield code='a'>9897031243</subfield></datafield><datafield ind1=' ' ind2=' ' tag='040'><subfield code='a'>C3L</subfield><subfield code='b'>eng</subfield><subfield code='c'>C3L</subfield><subfield code='d'>OCLCQ</subfield><subfield code='d'>NYP</subfield></datafield><datafield ind1=' ' ind2=' ' tag='049'><subfield code='a'>NYPP</subfield></datafield><datafield ind1=' ' ind2='4' tag='050'><subfield code='a'>BX</subfield></datafield><datafield ind1='1' ind2='4' tag='082'><subfield code='a'>271</subfield><subfield code='2'>14</subfield></datafield><datafield ind1='1' ind2=' ' tag='100'><subfield code='a'>Fernandes, Adília.</subfield></datafield><datafield ind1='1' ind2='2' tag='245'><subfield code='a'>O recolhimento de Santo António do Sacramento de Torre de Moncorvo (1661-1814) :</subfield><subfield code='b'>clausura e destinos femininos /</subfield><subfield code='c'>Adília Fernandes.</subfield></datafield><datafield ind1=' ' ind2=' ' tag='260'><subfield code='a'>Coimbra :</subfield><subfield code='b'>Palimage,</subfield><subfield code='c'>2015.</subfield></datafield><datafield ind1=' ' ind2=' ' tag='300'><subfield code='a'>470 pages ;</subfield><subfield code='c'>23 cm</subfield></datafield><datafield ind1=' ' ind2=' ' tag='336'><subfield code='a'>text</subfield><subfield code='b'>txt</subfield><subfield code='2'>rdacontent</subfield></datafield><datafield ind1=' ' ind2=' ' tag='337'><subfield code='a'>unmediated</subfield><subfield code='b'>n</subfield><subfield code='2'>rdamedia</subfield></datafield><datafield ind1=' ' ind2=' ' tag='338'><subfield code='a'>volume</subfield><subfield code='b'>nc</subfield><subfield code='2'>rdacarrier</subfield></datafield><datafield ind1=' ' ind2=' ' tag='502'><subfield code='a'>Thesis (Rev.).</subfield></datafield><datafield ind1=' ' ind2=' ' tag='504'><subfield code='a'>Includes bibliographical references.</subfield></datafield><datafield ind1=' ' ind2='0' tag='650'><subfield code='a'>Monasticism and religious order for women</subfield><subfield code='z'>Portugal</subfield><subfield code='z'>Torre de Moncorvo</subfield><subfield code='x'>History.</subfield></datafield><datafield ind1=' ' ind2='0' tag='650'><subfield code='a'>Nuns</subfield><subfield code='z'>Portugal</subfield><subfield code='z'>Torre de Moncorvo</subfield><subfield code='x'>History.</subfield></datafield><datafield ind1=' ' ind2='0' tag='650'><subfield code='a'>Women</subfield><subfield code='z'>Portugal</subfield><subfield code='z'>Torre de Moncorvo</subfield><subfield code='x'>History.</subfield></datafield><datafield ind1=' ' ind2=' ' tag='907'><subfield code='a'>.b20721170x</subfield><subfield code='c'>m</subfield><subfield code='d'>a</subfield><subfield code='e'>-</subfield><subfield code='f'>por</subfield><subfield code='g'>po</subfield><subfield code='h'>2</subfield><subfield code='i'>1</subfield></datafield><datafield ind1=' ' ind2=' ' tag='035'><subfield code='a'>(OCoLC)913744364</subfield></datafield><datafield ind1='8' ind2=' ' tag='852'><subfield code='h'>ReCAP 15-28653</subfield><subfield code='0'>8480115</subfield><subfield code='b'>scsbnypl</subfield></datafield><datafield ind1=' ' ind2=' ' tag='876'><subfield code='0'>8480115</subfield><subfield code='a'>13860744</subfield><subfield code='j'>Available</subfield><subfield code='p'>33433117563753</subfield><subfield code='t'>1</subfield><subfield code='x'>Shared</subfield><subfield code='z'>NA</subfield><subfield code='l'>RECAP</subfield></datafield></record>