
<record><leader>02193nam a2200373 a 4500</leader><controlfield tag='001'>SCSB-3303889</controlfield><controlfield tag='003'>NNC</controlfield><controlfield tag='005'>20220608221507.0</controlfield><controlfield tag='008'>930521t19931993nyua     b    000 0 eng  </controlfield><controlfield tag='009'>1724651</controlfield><datafield ind1=' ' ind2=' ' tag='010'><subfield code='a'>   93025240 </subfield></datafield><datafield ind1=' ' ind2=' ' tag='020'><subfield code='a'>0820420638 (alk. paper)</subfield></datafield><datafield ind1=' ' ind2=' ' tag='035'><subfield code='a'>(OCoLC)28254906</subfield></datafield><datafield ind1=' ' ind2=' ' tag='035'><subfield code='a'>(OCoLC)ocm28254906</subfield></datafield><datafield ind1=' ' ind2=' ' tag='035'><subfield code='9'>ALC9983CU</subfield></datafield><datafield ind1=' ' ind2=' ' tag='035'><subfield code='a'>(NNC)1724651</subfield></datafield><datafield ind1=' ' ind2=' ' tag='035'><subfield code='a'>1724651</subfield></datafield><datafield ind1=' ' ind2=' ' tag='040'><subfield code='a'>DLC</subfield><subfield code='c'>DLC</subfield><subfield code='d'>DLC</subfield><subfield code='d'>OrLoB-B</subfield></datafield><datafield ind1='0' ind2='0' tag='050'><subfield code='a'>ML410.M68234</subfield><subfield code='b'>M6 1993</subfield></datafield><datafield ind1='0' ind2='0' tag='082'><subfield code='a'>780/.92</subfield><subfield code='2'>20</subfield></datafield><datafield ind1='1' ind2=' ' tag='100'><subfield code='a'>Mittler-Battipaglia, Diana.</subfield><subfield code='0'>http://id.loc.gov/authorities/names/n93048087</subfield></datafield><datafield ind1='1' ind2='0' tag='245'><subfield code='a'>Franz Mittler :</subfield><subfield code='b'>Austro-American composer, musician, and humorous poet /</subfield><subfield code='c'>Diana Mittler-Battipaglia.</subfield></datafield><datafield ind1=' ' ind2=' ' tag='260'><subfield code='a'>New York :</subfield><subfield code='b'>P. Lang,</subfield><subfield code='c'>[1993], ©1993.</subfield></datafield><datafield ind1=' ' ind2=' ' tag='300'><subfield code='a'>178 pages :</subfield><subfield code='b'>illustrations ;</subfield><subfield code='c'>24 cm.</subfield></datafield><datafield ind1=' ' ind2=' ' tag='336'><subfield code='a'>text</subfield><subfield code='b'>txt</subfield><subfield code='2'>rdacontent</subfield></datafield><datafield ind1=' ' ind2=' ' tag='337'><subfield code='a'>unmediated</subfield><subfield code='b'>n</subfield><subfield code='2'>rdamedia</subfield></datafield><datafield ind1='1' ind2=' ' tag='490'><subfield code='a'>Austrian culture,</subfield><subfield code='x'>1054-058x ;</subfield><subfield code='v'>vol. 8</subfield></datafield><datafield ind1=' ' ind2=' ' tag='504'><subfield code='a'>Includes bibliographical references (p. [175]-178).</subfield></datafield><datafield ind1=' ' ind2=' ' tag='520'><subfield code='a'>Franz Mittler (1893-1970) was a multi-talented post-Romantic Viennese musician. His contributions assume new importance, considering the current revival of interest in the culture and creative output of the earlier part of this century. Chapter 1 traces his European and American careers, with special emphasis on his activities with the renowned First Piano Quartet.</subfield></datafield><datafield ind1='8' ind2=' ' tag='520'><subfield code='a'>Later chapters explore various aspects of his style, pedagogical contributions, and selections from his ingenious spoonerisms in both German and English.</subfield></datafield><datafield ind1='8' ind2=' ' tag='520'><subfield code='a'>Appendices include a chronological index of his compositions, a listing of reviews, recordings, programs, letters, interviews, and other documents; several complete works and excerpts, some of which are in the composer&apos;s own handwriting; and a translation of his article recalling his experiences as accompanist and arranger for the Viennese satirist Karl Kraus.</subfield></datafield><datafield ind1='1' ind2='0' tag='600'><subfield code='a'>Mittler, Franz,</subfield><subfield code='d'>1893-1970.</subfield><subfield code='0'>http://id.loc.gov/authorities/names/n93048089</subfield></datafield><datafield ind1='1' ind2='0' tag='600'><subfield code='a'>Mittler, Franz,</subfield><subfield code='d'>1893-1970</subfield><subfield code='x'>Criticism and interpretation.</subfield></datafield><datafield ind1=' ' ind2='0' tag='830'><subfield code='a'>Austrian culture ;</subfield><subfield code='v'>v. 8.</subfield><subfield code='0'>http://id.loc.gov/authorities/names/n91010211</subfield></datafield><datafield ind1=' ' ind2=' ' tag='901'><subfield code='a'>db7554b0-4818-4939-b104-57f7514d041d</subfield><subfield code='b'>25</subfield><subfield code='c'>true</subfield></datafield><datafield ind1='0' ind2='0' tag='852'><subfield code='h'>ML410.M68234 M6 1993</subfield><subfield code='0'>3287151</subfield><subfield code='b'>scsbcul</subfield></datafield><datafield ind1=' ' ind2=' ' tag='876'><subfield code='0'>3287151</subfield><subfield code='a'>5002228</subfield><subfield code='h'> </subfield><subfield code='j'>Available</subfield><subfield code='p'>CU61450570</subfield><subfield code='t'>1</subfield><subfield code='x'>Open</subfield><subfield code='z'>CU</subfield><subfield code='l'>RECAP</subfield></datafield></record>