
<record><leader>02679pam a22004094a 4500</leader><controlfield tag='001'>SCSB-5220047</controlfield><controlfield tag='003'>NNC</controlfield><controlfield tag='005'>20221110050408.0</controlfield><controlfield tag='008'>050713s2006    nyua     b    001 0 eng  </controlfield><controlfield tag='009'>5499548</controlfield><datafield ind1=' ' ind2=' ' tag='010'><subfield code='a'>  2005051561</subfield></datafield><datafield ind1=' ' ind2=' ' tag='015'><subfield code='a'>GBA575277</subfield><subfield code='2'>bnb</subfield></datafield><datafield ind1='7' ind2=' ' tag='016'><subfield code='a'>013287572</subfield><subfield code='2'>Uk</subfield></datafield><datafield ind1=' ' ind2=' ' tag='020'><subfield code='a'>038726194X (alk. paper)</subfield></datafield><datafield ind1=' ' ind2=' ' tag='020'><subfield code='a'>0387280944 (e-book)</subfield></datafield><datafield ind1='3' ind2=' ' tag='024'><subfield code='a'>9780387261942</subfield></datafield><datafield ind1='3' ind2=' ' tag='024'><subfield code='a'>9780387280943</subfield></datafield><datafield ind1=' ' ind2=' ' tag='035'><subfield code='a'>(OCoLC)ocm61169886</subfield></datafield><datafield ind1=' ' ind2=' ' tag='035'><subfield code='a'>(NNC)5499548</subfield></datafield><datafield ind1=' ' ind2=' ' tag='035'><subfield code='a'>5499548</subfield></datafield><datafield ind1=' ' ind2=' ' tag='040'><subfield code='a'>DLC</subfield><subfield code='c'>DLC</subfield><subfield code='d'>YDX</subfield><subfield code='d'>BAKER</subfield><subfield code='d'>UKM</subfield><subfield code='d'>OHX</subfield><subfield code='d'>OrLoB-B</subfield></datafield><datafield ind1=' ' ind2=' ' tag='042'><subfield code='a'>pcc</subfield></datafield><datafield ind1='0' ind2='0' tag='050'><subfield code='a'>TK7882.B56</subfield><subfield code='b'>V54 2006</subfield></datafield><datafield ind1='0' ind2='0' tag='082'><subfield code='a'>006.4</subfield><subfield code='2'>22</subfield></datafield><datafield ind1='1' ind2=' ' tag='100'><subfield code='a'>Vielhauer, Claus.</subfield><subfield code='0'>http://id.loc.gov/authorities/names/n2005053772</subfield></datafield><datafield ind1='1' ind2='0' tag='245'><subfield code='a'>Biometric user authentication for IT security :</subfield><subfield code='b'>from fundamentals to handwriting /</subfield><subfield code='c'>by Claus Vielhauer.</subfield></datafield><datafield ind1=' ' ind2=' ' tag='260'><subfield code='a'>New York :</subfield><subfield code='b'>Springer,</subfield><subfield code='c'>2005.</subfield></datafield><datafield ind1=' ' ind2=' ' tag='300'><subfield code='a'>xii, 284 pages :</subfield><subfield code='b'>illustrations ;</subfield><subfield code='c'>24 cm.</subfield></datafield><datafield ind1=' ' ind2=' ' tag='336'><subfield code='a'>text</subfield><subfield code='b'>txt</subfield><subfield code='2'>rdacontent</subfield></datafield><datafield ind1=' ' ind2=' ' tag='337'><subfield code='a'>unmediated</subfield><subfield code='b'>n</subfield><subfield code='2'>rdamedia</subfield></datafield><datafield ind1='1' ind2=' ' tag='490'><subfield code='a'>Advances in information security</subfield></datafield><datafield ind1=' ' ind2=' ' tag='504'><subfield code='a'>Includes bibliographical references and index.</subfield></datafield><datafield ind1='0' ind2='0' tag='505'><subfield code='g'>Pt. I.</subfield><subfield code='t'>Fundamentals - overview --</subfield><subfield code='t'>Fundamentals in biometrics --</subfield><subfield code='t'>Biometric modalities --</subfield><subfield code='t'>Fundamentals in user authentication --</subfield><subfield code='g'>Pt. II.</subfield><subfield code='t'>Handwriting biometrics - overview --</subfield><subfield code='t'>Evaluating handwriting biometrics --</subfield><subfield code='t'>Biometric hash.</subfield></datafield><datafield ind1='1' ind2=' ' tag='520'><subfield code='a'>&quot;Biometric User Authentication for IT Security: From Fundamentals to Handwriting conveys general principals of passive (physiological trait like fingerprint, iris, face) and active (learned and trained behavior like voice, handwriting and gait) biometric recognition techniques to the reader. This professional book, unlike other publications in this area which concentrate on passive schemes, reflects a more comprehensive analysis of one particular active biometric technique: handwriting. Aspects which are thoroughly discussed include sensor characteristic dependency, attack scenarios, and the generation of cryptographic keys from handwriting.&quot; &quot;Biometric User Authentication for IT Security: From Fundamentals to Handwriting is designed for a professional audience composed of practitioners and researchers in industry. This volume is also suitable for graduate-level students in computer science and electrical engineering particularly for the study of biometrics in the spectrum ranging from signal processing to IT security.&quot;--BOOK JACKET.</subfield></datafield><datafield ind1=' ' ind2='0' tag='650'><subfield code='a'>Biometric identification.</subfield><subfield code='0'>http://id.loc.gov/authorities/subjects/sh2001010964</subfield></datafield><datafield ind1=' ' ind2='0' tag='830'><subfield code='a'>Advances in information security.</subfield><subfield code='0'>http://id.loc.gov/authorities/names/n00006047</subfield></datafield><datafield ind1='0' ind2='0' tag='852'><subfield code='h'>TK7882.B56 V54 2006</subfield><subfield code='0'>5206225</subfield><subfield code='b'>scsbcul</subfield></datafield><datafield ind1=' ' ind2=' ' tag='876'><subfield code='0'>5206225</subfield><subfield code='a'>7779222</subfield><subfield code='h'> </subfield><subfield code='j'>Available</subfield><subfield code='p'>CU72207078</subfield><subfield code='t'>1</subfield><subfield code='x'>Shared</subfield><subfield code='z'>CU</subfield><subfield code='l'>RECAP</subfield></datafield></record>