
<record><leader>00719cam a22002532  4500</leader><controlfield tag='001'>SCSB-3818541</controlfield><controlfield tag='003'>NNC</controlfield><controlfield tag='005'>20220616055243.0</controlfield><controlfield tag='008'>890822s1937    fr                0 fre d</controlfield><controlfield tag='009'>2499273</controlfield><datafield ind1=' ' ind2=' ' tag='035'><subfield code='a'>(OCoLC)23414246</subfield></datafield><datafield ind1=' ' ind2=' ' tag='035'><subfield code='a'>(OCoLC)ocm23414246</subfield></datafield><datafield ind1=' ' ind2=' ' tag='035'><subfield code='9'>AQF1057CU</subfield></datafield><datafield ind1=' ' ind2=' ' tag='035'><subfield code='a'>(NNC)2499273</subfield></datafield><datafield ind1=' ' ind2=' ' tag='035'><subfield code='a'>2499273</subfield></datafield><datafield ind1=' ' ind2=' ' tag='040'><subfield code='c'>SAZTEC</subfield><subfield code='d'>CStRLIN</subfield></datafield><datafield ind1='1' ind2=' ' tag='100'><subfield code='a'>Giono, Jean,</subfield><subfield code='d'>1895-1970.</subfield><subfield code='0'>http://id.loc.gov/authorities/names/n80045867</subfield></datafield><datafield ind1='1' ind2='3' tag='245'><subfield code='a'>Le chant du monde...</subfield></datafield><datafield ind1=' ' ind2=' ' tag='260'><subfield code='a'>Paris :</subfield><subfield code='b'>Gallimard,</subfield><subfield code='c'>[1937]</subfield></datafield><datafield ind1=' ' ind2=' ' tag='300'><subfield code='a'>[9]-318 pages, 1 leaf ;</subfield><subfield code='c'>18 cm</subfield></datafield><datafield ind1=' ' ind2=' ' tag='336'><subfield code='a'>text</subfield><subfield code='b'>txt</subfield><subfield code='2'>rdacontent</subfield></datafield><datafield ind1=' ' ind2=' ' tag='337'><subfield code='a'>unmediated</subfield><subfield code='b'>n</subfield><subfield code='2'>rdamedia</subfield></datafield><datafield ind1=' ' ind2=' ' tag='500'><subfield code='a'>&quot;Quarante-cinquième édition.&quot;</subfield></datafield><datafield ind1='8' ind2='0' tag='852'><subfield code='h'>844G436 P3</subfield><subfield code='0'>3829746</subfield><subfield code='b'>scsbcul</subfield></datafield><datafield ind1=' ' ind2=' ' tag='876'><subfield code='0'>3829746</subfield><subfield code='a'>5631996</subfield><subfield code='h'> </subfield><subfield code='j'>Available</subfield><subfield code='p'>CU53413520</subfield><subfield code='t'>1</subfield><subfield code='x'>Shared</subfield><subfield code='z'>CU</subfield><subfield code='l'>RECAP</subfield></datafield></record>