
<record><leader>00694cam a2200241M  4500</leader><controlfield tag='001'>SCSB-3012974</controlfield><controlfield tag='003'>NNC</controlfield><controlfield tag='005'>20220601231937.0</controlfield><controlfield tag='008'>890329t19501934fr            000 0 fre d</controlfield><controlfield tag='009'>1202467</controlfield><datafield ind1=' ' ind2=' ' tag='035'><subfield code='a'>(OCoLC)ocm23406468</subfield></datafield><datafield ind1=' ' ind2=' ' tag='035'><subfield code='9'>AGS5552CU</subfield></datafield><datafield ind1=' ' ind2=' ' tag='035'><subfield code='a'>1202467</subfield></datafield><datafield ind1=' ' ind2=' ' tag='040'><subfield code='a'>EYM</subfield><subfield code='c'>EYM</subfield><subfield code='d'>m.c.</subfield><subfield code='d'>ZCU</subfield></datafield><datafield ind1=' ' ind2='4' tag='050'><subfield code='a'>PQ 2613</subfield><subfield code='b'>.I62 C5 1950</subfield></datafield><datafield ind1='1' ind2=' ' tag='100'><subfield code='a'>Giono, Jean,</subfield><subfield code='d'>1895-1970.</subfield><subfield code='0'>http://id.loc.gov/authorities/names/n80045867</subfield></datafield><datafield ind1='1' ind2='3' tag='245'><subfield code='a'>Le chant du monde.</subfield></datafield><datafield ind1=' ' ind2=' ' tag='260'><subfield code='a'>[Paris] :</subfield><subfield code='b'>Gallimard;</subfield><subfield code='a'>New York :</subfield><subfield code='b'>Macmillan,</subfield><subfield code='c'>[1950, ©1934]</subfield></datafield><datafield ind1=' ' ind2=' ' tag='300'><subfield code='a'>253 pages ;</subfield><subfield code='c'>17 cm</subfield></datafield><datafield ind1=' ' ind2=' ' tag='336'><subfield code='a'>text</subfield><subfield code='2'>rdacontent</subfield></datafield><datafield ind1=' ' ind2=' ' tag='337'><subfield code='a'>unmediated</subfield><subfield code='2'>rdamedia</subfield></datafield><datafield ind1=' ' ind2=' ' tag='338'><subfield code='a'>volume</subfield><subfield code='2'>rdacarrier</subfield></datafield><datafield ind1='8' ind2='0' tag='852'><subfield code='h'>844G436 P33</subfield><subfield code='0'>2992836</subfield><subfield code='b'>scsbcul</subfield></datafield><datafield ind1=' ' ind2=' ' tag='876'><subfield code='0'>2992836</subfield><subfield code='a'>4646425</subfield><subfield code='h'>In Library Use</subfield><subfield code='j'>Available</subfield><subfield code='p'>CU05310350</subfield><subfield code='t'>1</subfield><subfield code='x'>Shared</subfield><subfield code='z'>CU</subfield><subfield code='l'>RECAP</subfield></datafield></record>