
<record><leader>00904cam a2200301 i 4500</leader><controlfield tag='001'>SCSB-2359381</controlfield><controlfield tag='003'>NNC</controlfield><controlfield tag='005'>20220518233442.0</controlfield><controlfield tag='008'>851111t19711934fr            000 1 fre d</controlfield><controlfield tag='009'>294998</controlfield><datafield ind1=' ' ind2=' ' tag='020'><subfield code='a'>2070368726</subfield></datafield><datafield ind1=' ' ind2=' ' tag='035'><subfield code='a'>(OCoLC)17380885</subfield></datafield><datafield ind1=' ' ind2=' ' tag='035'><subfield code='a'>(OCoLC)ocm17380885</subfield></datafield><datafield ind1=' ' ind2=' ' tag='035'><subfield code='a'>(CStRLIN)NYCG85-B105544</subfield></datafield><datafield ind1=' ' ind2=' ' tag='035'><subfield code='9'>ABG9590CU</subfield></datafield><datafield ind1=' ' ind2=' ' tag='035'><subfield code='a'>(NNC)294998</subfield></datafield><datafield ind1=' ' ind2=' ' tag='035'><subfield code='a'>294998</subfield></datafield><datafield ind1=' ' ind2=' ' tag='040'><subfield code='a'>PU</subfield><subfield code='c'>PU</subfield><subfield code='d'>NNC</subfield></datafield><datafield ind1=' ' ind2=' ' tag='090'><subfield code='a'>PQ2613.I57</subfield><subfield code='b'>C5 1971g</subfield></datafield><datafield ind1='1' ind2=' ' tag='100'><subfield code='a'>Giono, Jean,</subfield><subfield code='d'>1895-1970.</subfield><subfield code='0'>http://id.loc.gov/authorities/names/n80045867</subfield></datafield><datafield ind1='1' ind2='3' tag='245'><subfield code='a'>Le chant du monde /</subfield><subfield code='c'>Jean Giono.</subfield></datafield><datafield ind1=' ' ind2=' ' tag='260'><subfield code='a'>[Paris] :</subfield><subfield code='b'>Gallimard,</subfield><subfield code='c'>1971, ©1934.</subfield></datafield><datafield ind1=' ' ind2=' ' tag='300'><subfield code='a'>281 pages ;</subfield><subfield code='c'>18 cm.</subfield></datafield><datafield ind1=' ' ind2=' ' tag='336'><subfield code='a'>text</subfield><subfield code='2'>rdacontent</subfield></datafield><datafield ind1=' ' ind2=' ' tag='337'><subfield code='a'>unmediated</subfield><subfield code='2'>rdamedia</subfield></datafield><datafield ind1=' ' ind2=' ' tag='338'><subfield code='a'>volume</subfield><subfield code='2'>rdacarrier</subfield></datafield><datafield ind1='1' ind2=' ' tag='490'><subfield code='a'>Collection Folio ;</subfield><subfield code='v'>872</subfield></datafield><datafield ind1=' ' ind2='0' tag='830'><subfield code='a'>Collection Folio ;</subfield><subfield code='v'>872.</subfield><subfield code='0'>http://id.loc.gov/authorities/names/n83800379</subfield></datafield><datafield ind1='0' ind2='0' tag='852'><subfield code='h'>PQ2613.I57 C5 1971g</subfield><subfield code='0'>2330793</subfield><subfield code='b'>scsbcul</subfield></datafield><datafield ind1=' ' ind2=' ' tag='876'><subfield code='0'>2330793</subfield><subfield code='a'>3566607</subfield><subfield code='h'> </subfield><subfield code='j'>Available</subfield><subfield code='p'>1000242870</subfield><subfield code='t'>1</subfield><subfield code='x'>Shared</subfield><subfield code='z'>CU</subfield><subfield code='l'>RECAP</subfield></datafield></record>