
<record><leader>01033nam a2200325 a 4500</leader><controlfield tag='001'>SCSB-6197254</controlfield><controlfield tag='003'>OCoLC</controlfield><controlfield tag='005'>20070614063158.1</controlfield><controlfield tag='008'>061005s2006    fr       b    000 0dfre  </controlfield><controlfield tag='009'>.b164592416</controlfield><datafield ind1=' ' ind2=' ' tag='010'><subfield code='a'>2007353311</subfield></datafield><datafield ind1=' ' ind2=' ' tag='020'><subfield code='a'>2841003906</subfield></datafield><datafield ind1=' ' ind2=' ' tag='020'><subfield code='a'>9782841003907</subfield></datafield><datafield ind1=' ' ind2=' ' tag='040'><subfield code='a'>DLC</subfield><subfield code='c'>DLC</subfield><subfield code='d'>UBY</subfield><subfield code='d'>TZT</subfield><subfield code='d'>AUXAM</subfield><subfield code='d'>UAT</subfield><subfield code='d'>IXA</subfield><subfield code='d'>NYP</subfield><subfield code='d'>UtOrBLW</subfield></datafield><datafield ind1=' ' ind2=' ' tag='049'><subfield code='a'>NYPP</subfield></datafield><datafield ind1='0' ind2='0' tag='050'><subfield code='a'>PQ2625.A716</subfield><subfield code='b'>Z64316 2006</subfield></datafield><datafield ind1=' ' ind2='7' tag='072'><subfield code='a'>PQ</subfield><subfield code='2'>lcco</subfield></datafield><datafield ind1='1' ind2='4' tag='082'><subfield code='a'>809</subfield><subfield code='2'>1</subfield></datafield><datafield ind1='1' ind2=' ' tag='100'><subfield code='a'>Cazenave, Michel.</subfield></datafield><datafield ind1='1' ind2='0' tag='245'><subfield code='a'>Malraux, le chant du monde /</subfield><subfield code='c'>Michel Cazenave.</subfield></datafield><datafield ind1=' ' ind2=' ' tag='260'><subfield code='a'>Paris :</subfield><subfield code='b'>Bartillat,</subfield><subfield code='c'>c2006.</subfield></datafield><datafield ind1=' ' ind2=' ' tag='300'><subfield code='a'>183 p. ;</subfield><subfield code='c'>20 cm.</subfield></datafield><datafield ind1=' ' ind2=' ' tag='504'><subfield code='a'>Includes bibliographical references (p. [179]-183).</subfield></datafield><datafield ind1=' ' ind2=' ' tag='653'><subfield code='a'>Literary and Political History</subfield><subfield code='a'>20th Century</subfield></datafield><datafield ind1='1' ind2='0' tag='600'><subfield code='a'>Malraux, André,</subfield><subfield code='d'>1901-1976.</subfield></datafield><datafield ind1=' ' ind2=' ' tag='907'><subfield code='a'>.b164592416</subfield><subfield code='c'>m</subfield><subfield code='d'>a</subfield><subfield code='e'>-</subfield><subfield code='f'>fre</subfield><subfield code='g'>fr</subfield><subfield code='h'>0</subfield><subfield code='i'>1</subfield></datafield><datafield ind1=' ' ind2=' ' tag='035'><subfield code='a'>(OCoLC)73800578</subfield></datafield><datafield ind1=' ' ind2=' ' tag='901'><subfield code='a'>1c0968a6-f29e-4dd8-a895-aba0ce087760</subfield><subfield code='b'>25</subfield><subfield code='c'>false</subfield></datafield><datafield ind1='8' ind2=' ' tag='852'><subfield code='h'>ReCAP 07-11223</subfield><subfield code='0'>6219403</subfield><subfield code='b'>scsbnypl</subfield></datafield><datafield ind1=' ' ind2=' ' tag='876'><subfield code='0'>6219403</subfield><subfield code='a'>10188120</subfield><subfield code='j'>Available</subfield><subfield code='p'>33433073678090</subfield><subfield code='t'>1</subfield><subfield code='x'>Shared</subfield><subfield code='z'>NA</subfield><subfield code='l'>RECAP</subfield></datafield></record>