
<record><leader>01044cam a2200313 a 4500</leader><controlfield tag='001'>SCSB-10865340</controlfield><controlfield tag='005'>20231023213019.0</controlfield><controlfield tag='008'>020207s2001    fr            000 p fre d</controlfield><controlfield tag='009'>990088963280203941</controlfield><datafield ind1=' ' ind2=' ' tag='020'><subfield code='a'>2705512349</subfield><subfield code='q'>(paperback)</subfield></datafield><datafield ind1=' ' ind2=' ' tag='020'><subfield code='a'>9782705512347</subfield><subfield code='q'>(paperback)</subfield></datafield><datafield ind1=' ' ind2=' ' tag='035'><subfield code='a'>(OCoLC)49529521</subfield></datafield><datafield ind1=' ' ind2=' ' tag='040'><subfield code='a'>TZT</subfield><subfield code='b'>eng</subfield><subfield code='c'>TZT</subfield><subfield code='d'>OCLCQ</subfield><subfield code='d'>TEF</subfield><subfield code='d'>OCLCQ</subfield><subfield code='d'>OCLCO</subfield><subfield code='d'>OCLCQ</subfield></datafield><datafield ind1=' ' ind2='4' tag='050'><subfield code='a'>PQ2705.Y34</subfield><subfield code='b'>E26 2001</subfield></datafield><datafield ind1=' ' ind2='7' tag='072'><subfield code='a'>PN</subfield><subfield code='2'>lcco</subfield></datafield><datafield ind1='1' ind2='4' tag='082'><subfield code='a'>841</subfield></datafield><datafield ind1='1' ind2=' ' tag='100'><subfield code='a'>Eychenne, Philippe,</subfield><subfield code='d'>1955-</subfield></datafield><datafield ind1='1' ind2='0' tag='245'><subfield code='a'>Écoute le chant du monde :</subfield><subfield code='b'>[poèmes] /</subfield><subfield code='c'>Philippe Eychenne ; préface de Christiane Beauqueney.</subfield></datafield><datafield ind1=' ' ind2=' ' tag='260'><subfield code='a'>[Paris] :</subfield><subfield code='b'>Grassin,</subfield><subfield code='c'>©2001.</subfield></datafield><datafield ind1=' ' ind2=' ' tag='300'><subfield code='a'>63 pages ;</subfield><subfield code='c'>19 cm</subfield></datafield><datafield ind1=' ' ind2=' ' tag='336'><subfield code='a'>text</subfield><subfield code='b'>txt</subfield><subfield code='2'>rdacontent</subfield></datafield><datafield ind1=' ' ind2=' ' tag='337'><subfield code='a'>unmediated</subfield><subfield code='b'>n</subfield><subfield code='2'>rdamedia</subfield></datafield><datafield ind1=' ' ind2=' ' tag='338'><subfield code='a'>volume</subfield><subfield code='b'>nc</subfield><subfield code='2'>rdacarrier</subfield></datafield><datafield ind1='1' ind2=' ' tag='490'><subfield code='a'>Poètes présents,</subfield><subfield code='x'>0767-9416 ;</subfield><subfield code='v'>no. 90</subfield></datafield><datafield ind1=' ' ind2=' ' tag='653'><subfield code='a'>Poetry</subfield></datafield><datafield ind1='1' ind2=' ' tag='700'><subfield code='a'>Beauqueney, Christiane.</subfield></datafield><datafield ind1=' ' ind2='0' tag='830'><subfield code='a'>Collection &quot;Poètes présents&quot;</subfield><subfield code='v'>no 90.</subfield></datafield><datafield ind1='1' ind2=' ' tag='583'><subfield code='a'>committed to retain</subfield><subfield code='c'>20181001</subfield><subfield code='d'>in perpetuity</subfield><subfield code='f'>ReCAP Shared Collection</subfield><subfield code='5'>HUL</subfield><subfield code='8'>222080778810003941</subfield></datafield><datafield ind1='0' ind2=' ' tag='852'><subfield code='c'>HD</subfield><subfield code='h'>PQ2705.Y34</subfield><subfield code='i'>E26 2001</subfield><subfield code='0'>11657259</subfield><subfield code='b'>scsbhl</subfield></datafield><datafield ind1=' ' ind2=' ' tag='876'><subfield code='0'>11657259</subfield><subfield code='a'>17404488</subfield><subfield code='h'> </subfield><subfield code='j'>Available</subfield><subfield code='k'>WID</subfield><subfield code='p'>HXP9H2</subfield><subfield code='x'>Shared</subfield><subfield code='z'>HW</subfield><subfield code='l'>HD</subfield></datafield></record>