
<record><leader>00000cam  2200385 i 4500</leader><controlfield tag='001'>SCSB-8997864</controlfield><controlfield tag='003'>Fr-PaAMA</controlfield><controlfield tag='005'>20171107.0</controlfield><controlfield tag='008'>171107s2017    fr       b    000 0 fre dcam i </controlfield><controlfield tag='009'>.b21530083x</controlfield><datafield ind1='1' ind2=' ' tag='100'><subfield code='a'>Lenoir, René,</subfield><subfield code='e'>author.</subfield></datafield><datafield ind1=' ' ind2='0' tag='650'><subfield code='a'>Spirituality.</subfield></datafield><datafield ind1=' ' ind2='0' tag='650'><subfield code='a'>Philosophy and religion.</subfield></datafield><datafield ind1=' ' ind2=' ' tag='020'><subfield code='a'>9782226327062 (pbk.) :</subfield><subfield code='c'>12,00 EUR</subfield></datafield><datafield ind1=' ' ind2=' ' tag='504'><subfield code='a'>Includes bibliographical references (pages 135-138).</subfield></datafield><datafield ind1='0' ind2='0' tag='505'><subfield code='t'>Itinéraire --</subfield><subfield code='t'>Doutes et interrogations --</subfield><subfield code='t'>La nature, l&apos;humus, l&apos;émerveillement --</subfield><subfield code='t'>Émergence de l&apos;homme et des religions --</subfield><subfield code='t'>Dieu, une invention récente --</subfield><subfield code='t'>Le temps de la nature et le temps des hommes --</subfield><subfield code='t'>L&apos;hydre du mal et la bonté --</subfield><subfield code='t'>Désarroi sociétal --</subfield><subfield code='t'>L&apos;amour et le hasard --</subfield><subfield code='t'>L&apos;oubli du silence --</subfield><subfield code='t'>Une limite de la science --</subfield><subfield code='t'>Interrogations sur la fin des temps --</subfield><subfield code='t'>L&apos;espérance de l&apos;humanité --</subfield><subfield code='t'>Le Sermon sur la Montagne --</subfield><subfield code='t'>Sainte laïcité --</subfield><subfield code='t'>Les dogmes --</subfield><subfield code='t'>Le beau en soi --</subfield><subfield code='t'>Pesanteur et beauté --</subfield><subfield code='t'>La voie orphique.</subfield></datafield><datafield ind1=' ' ind2='1' tag='264'><subfield code='a'>Paris :</subfield><subfield code='b'>Albin Michel,</subfield><subfield code='c'>[2017]</subfield></datafield><datafield ind1=' ' ind2='4' tag='264'><subfield code='c'>copyright 2017</subfield></datafield><datafield ind1=' ' ind2=' ' tag='300'><subfield code='a'>139 pages ;</subfield><subfield code='c'>19 cm</subfield></datafield><datafield ind1=' ' ind2=' ' tag='336'><subfield code='a'>text</subfield><subfield code='b'>txt</subfield><subfield code='2'>rdacontent</subfield></datafield><datafield ind1=' ' ind2=' ' tag='337'><subfield code='a'>unmediated</subfield><subfield code='b'>n</subfield><subfield code='2'>rdamedia</subfield></datafield><datafield ind1=' ' ind2=' ' tag='338'><subfield code='a'>volume</subfield><subfield code='b'>nc</subfield><subfield code='2'>rdacarrier</subfield></datafield><datafield ind1='1' ind2='3' tag='245'><subfield code='a'>Le chant du monde est là /</subfield><subfield code='c'>René Lenoir.</subfield></datafield><datafield ind1=' ' ind2=' ' tag='040'><subfield code='a'>Fr-PaAMA</subfield><subfield code='b'>eng</subfield><subfield code='e'>rda</subfield></datafield><datafield ind1=' ' ind2='4' tag='050'><subfield code='a'>B105.S64</subfield><subfield code='b'>L46 2017</subfield></datafield><datafield ind1=' ' ind2='4' tag='908'><subfield code='a'>B105.S64</subfield><subfield code='b'>L46 2017</subfield></datafield><datafield ind1=' ' ind2=' ' tag='901'><subfield code='a'>AUXAM</subfield></datafield><datafield ind1='0' ind2='0' tag='907'><subfield code='a'>.b21530083x</subfield></datafield><datafield ind1=' ' ind2=' ' tag='035'><subfield code='a'>(OCoLC)1010775043</subfield></datafield><datafield ind1='8' ind2=' ' tag='852'><subfield code='h'>ReCAP 18-61712</subfield><subfield code='0'>9217093</subfield><subfield code='b'>scsbnypl</subfield></datafield><datafield ind1=' ' ind2=' ' tag='876'><subfield code='0'>9217093</subfield><subfield code='a'>14838882</subfield><subfield code='j'>Available</subfield><subfield code='p'>33433121531366</subfield><subfield code='t'>1</subfield><subfield code='x'>Shared</subfield><subfield code='z'>NA</subfield><subfield code='l'>RECAP</subfield></datafield></record>