
<record><leader>00829cam a2200253Ia 4500</leader><controlfield tag='001'>SCSB-11130526</controlfield><controlfield tag='005'>20020606104010.5</controlfield><controlfield tag='008'>960612s1996    fr       b    000 0 fre d</controlfield><controlfield tag='009'>990074882390203941</controlfield><datafield ind1=' ' ind2=' ' tag='020'><subfield code='a'>2070389464</subfield></datafield><datafield ind1=' ' ind2=' ' tag='035'><subfield code='a'>(OCoLC)34913587</subfield><subfield code='z'>(OCoLC)1063358000</subfield></datafield><datafield ind1=' ' ind2=' ' tag='040'><subfield code='a'>FIL</subfield><subfield code='c'>FIL</subfield><subfield code='d'>NYP</subfield><subfield code='d'>NOC</subfield><subfield code='d'>HLS</subfield></datafield><datafield ind1=' ' ind2='4' tag='050'><subfield code='a'>PQ2613.I57</subfield><subfield code='b'>C5335 1996</subfield></datafield><datafield ind1=' ' ind2=' ' tag='090'><subfield code='a'>PQ2613.I57</subfield><subfield code='b'>C5335 1996</subfield></datafield><datafield ind1='1' ind2=' ' tag='100'><subfield code='a'>Fourcaut, Laurent.</subfield></datafield><datafield ind1='1' ind2='0' tag='245'><subfield code='a'>Laurent Fourcaut présente Le chant du monde de Jean Giono /</subfield><subfield code='c'>Laurent Fourcaut.</subfield></datafield><datafield ind1='1' ind2='4' tag='246'><subfield code='a'>Laurent Fourcaut commente Le chant du monde de Jean Giono</subfield></datafield><datafield ind1='3' ind2='0' tag='246'><subfield code='a'>Chant du monde de Jean Giono</subfield></datafield><datafield ind1=' ' ind2=' ' tag='260'><subfield code='a'>[Paris] :</subfield><subfield code='b'>Gallimard,</subfield><subfield code='c'>c1996.</subfield></datafield><datafield ind1=' ' ind2=' ' tag='300'><subfield code='a'>222 p. ;</subfield><subfield code='c'>18 cm.</subfield></datafield><datafield ind1='1' ind2=' ' tag='490'><subfield code='a'>Foliothèque ;</subfield><subfield code='v'>55</subfield></datafield><datafield ind1=' ' ind2=' ' tag='504'><subfield code='a'>Includes bibliographical references (p. 217-[223]).</subfield></datafield><datafield ind1='1' ind2='0' tag='600'><subfield code='a'>Giono, Jean,</subfield><subfield code='d'>1895-1970.</subfield><subfield code='t'>Chant du monde.</subfield></datafield><datafield ind1=' ' ind2='7' tag='655'><subfield code='a'>Criticism, interpretation, etc.</subfield><subfield code='2'>fast</subfield><subfield code='0'>(OCoLC)fst01411635</subfield></datafield><datafield ind1=' ' ind2='0' tag='830'><subfield code='a'>Foliothèque</subfield><subfield code='v'>55.</subfield></datafield><datafield ind1='1' ind2=' ' tag='583'><subfield code='a'>committed to retain</subfield><subfield code='c'>20181001</subfield><subfield code='d'>in perpetuity</subfield><subfield code='f'>ReCAP Shared Collection</subfield><subfield code='5'>HUL</subfield><subfield code='8'>222026147420003941</subfield></datafield><datafield ind1='0' ind2=' ' tag='852'><subfield code='c'>HD</subfield><subfield code='h'>PQ2613.I57</subfield><subfield code='i'>C5335 1996</subfield><subfield code='0'>11930284</subfield><subfield code='b'>scsbhl</subfield></datafield><datafield ind1=' ' ind2=' ' tag='876'><subfield code='0'>11930284</subfield><subfield code='a'>17688059</subfield><subfield code='h'> </subfield><subfield code='j'>Available</subfield><subfield code='k'>WID</subfield><subfield code='p'>HNEMG5</subfield><subfield code='x'>Shared</subfield><subfield code='z'>HW</subfield><subfield code='l'>HD</subfield></datafield></record>