
<record><leader>00683nam a22001937a 4500</leader><controlfield tag='001'>SCSB-10037534</controlfield><controlfield tag='005'>20020606095253.2</controlfield><controlfield tag='008'>901106s1964    fr            000 0 fre  </controlfield><controlfield tag='009'>990052142900203941</controlfield><datafield ind1=' ' ind2=' ' tag='010'><subfield code='a'>^^^90212878^</subfield></datafield><datafield ind1=' ' ind2=' ' tag='035'><subfield code='a'>(OCoLC)22860313</subfield><subfield code='z'>(OCoLC)1008062615</subfield></datafield><datafield ind1=' ' ind2=' ' tag='040'><subfield code='a'>DLC</subfield><subfield code='c'>DLC</subfield><subfield code='d'>HFL</subfield></datafield><datafield ind1='1' ind2='4' tag='050'><subfield code='a'>NK3049.A3</subfield><subfield code='b'>L852p 1964</subfield></datafield><datafield ind1='1' ind2=' ' tag='100'><subfield code='a'>Lurçat, Jean,</subfield><subfield code='d'>1892-1966.</subfield></datafield><datafield ind1='1' ind2='3' tag='245'><subfield code='a'>Le chant du monde et œuvres récentes de Jean Lurçat :</subfield><subfield code='b'>Musée des arts décoratifs, Palais du Louvre, Pavillon de Marsan : janvier-mars 1964.</subfield></datafield><datafield ind1=' ' ind2=' ' tag='260'><subfield code='a'>Paris :</subfield><subfield code='b'>Le Musée,</subfield><subfield code='c'>[1964?]</subfield></datafield><datafield ind1=' ' ind2=' ' tag='300'><subfield code='a'>1 v. (unpaged) :</subfield><subfield code='b'>ill. (some col.) ;</subfield><subfield code='c'>18 x 28 cm.</subfield></datafield><datafield ind1='1' ind2='0' tag='600'><subfield code='a'>Lurçat, Jean,</subfield><subfield code='d'>1892-1966.</subfield></datafield><datafield ind1='1' ind2=' ' tag='583'><subfield code='a'>committed to retain</subfield><subfield code='c'>20181001</subfield><subfield code='d'>in perpetuity</subfield><subfield code='f'>ReCAP Shared Collection</subfield><subfield code='5'>HUL</subfield><subfield code='8'>221938905470003941</subfield></datafield><datafield ind1='8' ind2=' ' tag='852'><subfield code='c'>HD</subfield><subfield code='h'>3946 L96p</subfield><subfield code='0'>10784817</subfield><subfield code='b'>scsbhl</subfield></datafield><datafield ind1=' ' ind2=' ' tag='876'><subfield code='0'>10784817</subfield><subfield code='a'>16484136</subfield><subfield code='h'> </subfield><subfield code='j'>Available</subfield><subfield code='k'>FAL</subfield><subfield code='p'>FL2V6L</subfield><subfield code='x'>Shared</subfield><subfield code='z'>FL</subfield><subfield code='l'>HD</subfield></datafield></record>