
<record><leader>02782nam a2200385 a 4500</leader><controlfield tag='001'>SCSB-3708852</controlfield><controlfield tag='003'>NNC</controlfield><controlfield tag='005'>20220616024734.0</controlfield><controlfield tag='008'>990223t19991999oku          s000 1 eng  </controlfield><controlfield tag='009'>2346909</controlfield><datafield ind1=' ' ind2=' ' tag='010'><subfield code='a'>   99021329 </subfield></datafield><datafield ind1=' ' ind2=' ' tag='020'><subfield code='a'>0806131578 (cloth : alk. paper)</subfield></datafield><datafield ind1=' ' ind2=' ' tag='035'><subfield code='a'>(OCoLC)ocm40891064</subfield></datafield><datafield ind1=' ' ind2=' ' tag='035'><subfield code='9'>APM4205CU</subfield></datafield><datafield ind1=' ' ind2=' ' tag='035'><subfield code='a'>(NNC)2346909</subfield></datafield><datafield ind1=' ' ind2=' ' tag='035'><subfield code='a'>2346909</subfield></datafield><datafield ind1=' ' ind2=' ' tag='040'><subfield code='a'>DLC</subfield><subfield code='c'>DLC</subfield><subfield code='d'>C#P</subfield><subfield code='d'>OrLoB-B</subfield></datafield><datafield ind1=' ' ind2=' ' tag='043'><subfield code='a'>n-us---</subfield></datafield><datafield ind1='0' ind2='0' tag='050'><subfield code='a'>PS3557.L294</subfield><subfield code='b'>V64 1999</subfield></datafield><datafield ind1='0' ind2='0' tag='082'><subfield code='a'>813/.54</subfield><subfield code='2'>21</subfield></datafield><datafield ind1='1' ind2=' ' tag='100'><subfield code='a'>Glancy, Diane.</subfield><subfield code='0'>http://id.loc.gov/authorities/names/n85814699</subfield></datafield><datafield ind1='1' ind2='4' tag='245'><subfield code='a'>The voice that was in travel :</subfield><subfield code='b'>stories /</subfield><subfield code='c'>Diane Glancy.</subfield></datafield><datafield ind1=' ' ind2=' ' tag='260'><subfield code='a'>Norman :</subfield><subfield code='b'>University of Oklahoma Press,</subfield><subfield code='c'>[1999], ©1999.</subfield></datafield><datafield ind1=' ' ind2=' ' tag='300'><subfield code='a'>x, 116 pages ;</subfield><subfield code='c'>23 cm.</subfield></datafield><datafield ind1=' ' ind2=' ' tag='336'><subfield code='a'>text</subfield><subfield code='b'>txt</subfield><subfield code='2'>rdacontent</subfield></datafield><datafield ind1=' ' ind2=' ' tag='337'><subfield code='a'>unmediated</subfield><subfield code='b'>n</subfield><subfield code='2'>rdamedia</subfield></datafield><datafield ind1='1' ind2=' ' tag='490'><subfield code='a'>American Indian literature and critical studies series ;</subfield><subfield code='v'>v. 33</subfield></datafield><datafield ind1='0' ind2='0' tag='505'><subfield code='t'>Reaching for Air --</subfield><subfield code='t'>Blast --</subfield><subfield code='t'>Badlands --</subfield><subfield code='t'>Parachute Rocket w / Flare --</subfield><subfield code='t'>Road --</subfield><subfield code='t'>The Birds with the Breeze of Their Wings --</subfield><subfield code='t'>A Later Game of Marbles --</subfield><subfield code='t'>Crossing the Specific --</subfield><subfield code='t'>In the Burrito --</subfield><subfield code='t'>You Know Those People Don&apos;t Talk --</subfield><subfield code='t'>Jupter --</subfield><subfield code='t'>The Man Whose Voice Was in Travel --</subfield><subfield code='t'>Sumac --</subfield><subfield code='t'>Spikes --</subfield><subfield code='t'>The Great House --</subfield><subfield code='t'>The Bird Who Reached Heaven --</subfield><subfield code='t'>She --</subfield><subfield code='t'>A Woman Who Sewed for Me a Dress That Sleeves Didn&apos;t Fit --</subfield><subfield code='t'>There He Is Again --</subfield><subfield code='t'>America&apos;s First Parade.</subfield></datafield><datafield ind1='1' ind2=' ' tag='520'><subfield code='a'>&quot;In The Voice That Was in Travel, the frictions in Diane Glancy&apos;s writing express the sense of displacement her American Indian travelers endure. Whether the characters are working or on pleasure trips, in Oklahoma, on the backroads of Arkansas, or in Germany, Australia, or Italy, their journeys are always superimposed on the memories of old tribal migrations.&quot;--BOOK JACKET.</subfield></datafield><datafield ind1='8' ind2=' ' tag='520'><subfield code='a'>&quot;In twenty stories that range in length from one-page vignettes to novellas, Glancy creates characters who are quirky and uneasy but who nevertheless are consoled by Christianity. A seamstress who uses a &quot;machine that heals as it sews,&quot; a ridiculed woman who sees Jesus in a bicycling rag picker, a traveler who recalls Noah while navigating her way in a foreign country during a flood - all find spiritual refuge amid their anxieties.&quot;--BOOK JACKET.</subfield></datafield><datafield ind1=' ' ind2='0' tag='651'><subfield code='a'>United States</subfield><subfield code='x'>Social life and customs</subfield><subfield code='y'>20th century</subfield><subfield code='v'>Fiction.</subfield><subfield code='0'>http://id.loc.gov/authorities/subjects/sh2007100002</subfield></datafield><datafield ind1=' ' ind2='0' tag='650'><subfield code='a'>Americans</subfield><subfield code='x'>Travel</subfield><subfield code='z'>Foreign countries</subfield><subfield code='v'>Fiction.</subfield></datafield><datafield ind1=' ' ind2='0' tag='650'><subfield code='a'>Indians of North America</subfield><subfield code='v'>Fiction.</subfield><subfield code='0'>http://id.loc.gov/authorities/subjects/sh85065264</subfield></datafield><datafield ind1=' ' ind2='0' tag='650'><subfield code='a'>Voyages and travels.</subfield><subfield code='0'>http://id.loc.gov/authorities/subjects/sh85144443</subfield></datafield><datafield ind1=' ' ind2='0' tag='830'><subfield code='a'>American Indian literature and critical studies series ;</subfield><subfield code='v'>v. 33.</subfield><subfield code='0'>http://id.loc.gov/authorities/names/n91095543</subfield></datafield><datafield ind1=' ' ind2=' ' tag='901'><subfield code='a'>7d899886-35d7-4671-bd0a-90ab42a3d0ac</subfield><subfield code='b'>29</subfield><subfield code='c'>false</subfield></datafield><datafield ind1='0' ind2='0' tag='852'><subfield code='h'>PS3557.L294 V64 1999</subfield><subfield code='0'>3714825</subfield><subfield code='b'>scsbcul</subfield></datafield><datafield ind1=' ' ind2=' ' tag='876'><subfield code='0'>3714825</subfield><subfield code='a'>5511241</subfield><subfield code='h'> </subfield><subfield code='j'>Available</subfield><subfield code='p'>CU71579370</subfield><subfield code='t'>1</subfield><subfield code='x'>Open</subfield><subfield code='z'>CU</subfield><subfield code='l'>RECAP</subfield></datafield></record>