
<record><leader>02604nam a2200385 a 4500</leader><controlfield tag='001'>SCSB-3692152</controlfield><controlfield tag='003'>NNC</controlfield><controlfield tag='005'>20220616015735.0</controlfield><controlfield tag='008'>981222t19991999miuab    b    000 0 eng  </controlfield><controlfield tag='009'>2313748</controlfield><datafield ind1=' ' ind2=' ' tag='010'><subfield code='a'>   98035662 </subfield></datafield><datafield ind1=' ' ind2=' ' tag='020'><subfield code='a'>0814328342 (alk. paper)</subfield></datafield><datafield ind1=' ' ind2=' ' tag='035'><subfield code='a'>(OCoLC)40595216</subfield></datafield><datafield ind1=' ' ind2=' ' tag='035'><subfield code='a'>(OCoLC)ocm40595216</subfield></datafield><datafield ind1=' ' ind2=' ' tag='035'><subfield code='9'>APH0017CU</subfield></datafield><datafield ind1=' ' ind2=' ' tag='035'><subfield code='a'>(NNC)2313748</subfield></datafield><datafield ind1=' ' ind2=' ' tag='035'><subfield code='a'>2313748</subfield></datafield><datafield ind1=' ' ind2=' ' tag='040'><subfield code='a'>DLC</subfield><subfield code='c'>DLC</subfield><subfield code='d'>DLC</subfield><subfield code='d'>NNC</subfield><subfield code='d'>OrLoB-B</subfield></datafield><datafield ind1=' ' ind2=' ' tag='043'><subfield code='a'>n-us-mi</subfield><subfield code='a'>n-cn-on</subfield></datafield><datafield ind1='0' ind2='0' tag='050'><subfield code='a'>GB1227.G85</subfield><subfield code='b'>S48 1999</subfield></datafield><datafield ind1='0' ind2='0' tag='082'><subfield code='a'>508.774</subfield><subfield code='2'>21</subfield></datafield><datafield ind1='1' ind2=' ' tag='100'><subfield code='a'>Shelton, Napier.</subfield><subfield code='0'>http://id.loc.gov/authorities/names/n87889401</subfield></datafield><datafield ind1='1' ind2='0' tag='245'><subfield code='a'>Huron :</subfield><subfield code='b'>the seasons of a Great Lake /</subfield><subfield code='c'>Napier Shelton.</subfield></datafield><datafield ind1=' ' ind2=' ' tag='260'><subfield code='a'>Detroit, Mich. :</subfield><subfield code='b'>Wayne State University Press,</subfield><subfield code='c'>[1999], ©1999.</subfield></datafield><datafield ind1=' ' ind2=' ' tag='300'><subfield code='a'>268 pages :</subfield><subfield code='b'>illustrations, maps ;</subfield><subfield code='c'>24 cm.</subfield></datafield><datafield ind1=' ' ind2=' ' tag='336'><subfield code='a'>text</subfield><subfield code='b'>txt</subfield><subfield code='2'>rdacontent</subfield></datafield><datafield ind1=' ' ind2=' ' tag='337'><subfield code='a'>unmediated</subfield><subfield code='b'>n</subfield><subfield code='2'>rdamedia</subfield></datafield><datafield ind1='1' ind2=' ' tag='490'><subfield code='a'>Great Lakes books</subfield></datafield><datafield ind1=' ' ind2=' ' tag='504'><subfield code='a'>Includes bibliographical references (p. 263-265).</subfield></datafield><datafield ind1='0' ind2='0' tag='505'><subfield code='t'>Prologue: What Lies Beyond the Summer? --</subfield><subfield code='g'>1.</subfield><subfield code='t'>The Cottage --</subfield><subfield code='g'>2.</subfield><subfield code='t'>Port Sanilac --</subfield><subfield code='g'>3.</subfield><subfield code='t'>Up North --</subfield><subfield code='g'>4.</subfield><subfield code='t'>Ice --</subfield><subfield code='g'>5.</subfield><subfield code='t'>Fish and Birds in Winter --</subfield><subfield code='g'>6.</subfield><subfield code='t'>Avian Highways --</subfield><subfield code='g'>7.</subfield><subfield code='t'>The Base of the Pyramid --</subfield><subfield code='g'>8.</subfield><subfield code='t'>Fishing for a Living --</subfield><subfield code='g'>9.</subfield><subfield code='t'>Managing the Fisheries --</subfield><subfield code='g'>10.</subfield><subfield code='t'>Lake Trout and Lampreys --</subfield><subfield code='g'>11.</subfield><subfield code='t'>Restoring the Lake --</subfield><subfield code='g'>12.</subfield><subfield code='t'>June Shores --</subfield><subfield code='g'>13.</subfield><subfield code='t'>Colonial Waterbirds --</subfield><subfield code='g'>14.</subfield><subfield code='t'>The Summer Pause --</subfield><subfield code='g'>15.</subfield><subfield code='t'>Small Boats, Long Journeys --</subfield><subfield code='g'>16.</subfield><subfield code='t'>Fall Comes Down the Lake --</subfield><subfield code='g'>17.</subfield><subfield code='t'>Big Boats, Killer Storms --</subfield><subfield code='g'>18.</subfield><subfield code='t'>Birds at Christmas --</subfield><subfield code='g'>19.</subfield><subfield code='t'>Closing Up --</subfield><subfield code='g'>App. 1.</subfield><subfield code='t'>Common and Scientific Names of Plants --</subfield><subfield code='g'>App. 2.</subfield><subfield code='t'>Fishes of Lake Huron.</subfield></datafield><datafield ind1=' ' ind2=' ' tag='520'><subfield code='a'>Napier Shelton takes us on a journey as he spends a year at his family&apos;s cottage on the lake. Having visited Lake Huron for over thirty years, Shelton weaves family memories into his evocative and informed account of the seasons on this great lake.</subfield></datafield><datafield ind1='8' ind2=' ' tag='520'><subfield code='a'>In 1995, Shelton spent a year at the cottage more fully exploring Lake Huron and its varied shores. He writes about Native American fishing rights, small towns, the fearsome ice, and the migration of birds. He follows the seasonal changes of life in the water. We accompany him on commercial fishing boats, a research vessel studying lake trout, and a Coast Guard icebreaker. We experience the travels and tragedies of venturers on Lake Huron over the past four centuries.</subfield></datafield><datafield ind1=' ' ind2='0' tag='650'><subfield code='a'>Limnology</subfield><subfield code='z'>Huron, Lake (Mich. and Ont.)</subfield></datafield><datafield ind1=' ' ind2='0' tag='650'><subfield code='a'>Natural history</subfield><subfield code='z'>Huron, Lake (Mich. and Ont.)</subfield></datafield><datafield ind1=' ' ind2='0' tag='830'><subfield code='a'>Great Lakes books.</subfield><subfield code='0'>http://id.loc.gov/authorities/names/n86748361</subfield></datafield><datafield ind1=' ' ind2=' ' tag='901'><subfield code='a'>cdca3142-fc8f-4180-b02d-581d00d8a96e</subfield><subfield code='b'>29</subfield><subfield code='c'>false</subfield></datafield><datafield ind1='0' ind2='0' tag='852'><subfield code='h'>GB1227.G85 S48 1999</subfield><subfield code='0'>3697814</subfield><subfield code='b'>scsbcul</subfield></datafield><datafield ind1=' ' ind2=' ' tag='876'><subfield code='0'>3697814</subfield><subfield code='a'>5491631</subfield><subfield code='h'> </subfield><subfield code='j'>Available</subfield><subfield code='p'>CU64293424</subfield><subfield code='t'>1</subfield><subfield code='x'>Open</subfield><subfield code='z'>CU</subfield><subfield code='l'>RECAP</subfield></datafield></record>