
<record><leader>03577aam a2200433 a 4500</leader><controlfield tag='001'>SCSB-12139870</controlfield><controlfield tag='005'>20180708160003.0</controlfield><controlfield tag='008'>950208s1994    ne ab    b    000 0 eng  </controlfield><controlfield tag='009'>990056268260203941</controlfield><datafield ind1=' ' ind2=' ' tag='010'><subfield code='a'>^^^95114243^</subfield></datafield><datafield ind1=' ' ind2=' ' tag='020'><subfield code='a'>9053833447</subfield></datafield><datafield ind1=' ' ind2=' ' tag='035'><subfield code='a'>(OCoLC)32430681</subfield></datafield><datafield ind1=' ' ind2=' ' tag='040'><subfield code='a'>DLC</subfield><subfield code='c'>DLC</subfield><subfield code='d'>HLS</subfield></datafield><datafield ind1=' ' ind2=' ' tag='043'><subfield code='a'>e-ne---</subfield><subfield code='a'>n------</subfield><subfield code='a'>cl-----</subfield></datafield><datafield ind1='0' ind2='0' tag='050'><subfield code='a'>DJ81</subfield><subfield code='b'>.C66 1994</subfield></datafield><datafield ind1='0' ind2='0' tag='082'><subfield code='a'>303.48/249207</subfield><subfield code='2'>20</subfield></datafield><datafield ind1='0' ind2='0' tag='245'><subfield code='a'>Connecting cultures :</subfield><subfield code='b'>the Netherlands in five centuries of transatlantic exchange /</subfield><subfield code='c'>edited by Rosemarijn Hoefte, Johanna C. Kardux ; with contributions from Hans Bak ... [et al.].</subfield></datafield><datafield ind1=' ' ind2=' ' tag='260'><subfield code='a'>Amsterdam :</subfield><subfield code='b'>VU University Press,</subfield><subfield code='c'>1994.</subfield></datafield><datafield ind1=' ' ind2=' ' tag='300'><subfield code='a'>xiv, 309 p. :</subfield><subfield code='b'>ill., maps ;</subfield><subfield code='c'>24 cm.</subfield></datafield><datafield ind1='1' ind2=' ' tag='490'><subfield code='a'>European contributions to American studies ;</subfield><subfield code='v'>31</subfield></datafield><datafield ind1=' ' ind2=' ' tag='504'><subfield code='a'>Includes bibliographical references.</subfield></datafield><datafield ind1='0' ind2='0' tag='505'><subfield code='t'>Funny birds, strange sounds : on entering another new world /</subfield><subfield code='r'>Alfons Lammers --</subfield><subfield code='t'>Columbus, or the ethics of history /</subfield><subfield code='r'>Jan Willem Schulte Nordholt --</subfield><subfield code='t'>Dutch attitudes toward Indians, Africans, and other Europeans in New Netherland, 1624-1664 /</subfield><subfield code='r'>James Homer Williams --</subfield><subfield code='t'>Dutch connection : Isaac Allerton and the dynamics of English cultural anxiety in the &quot;Gouden Eeuw&quot; /</subfield><subfield code='r'>Cynthia J. Van Zandt --</subfield><subfield code='t'>Connecting the Netherlands and the Americas : ocean transport and port/airport rivalry /</subfield><subfield code='r'>Frank Broeze --</subfield><subfield code='t'>Journey across : Dutch transatlantic emigrant passage to the United States, 1820-1880 /</subfield><subfield code='r'>Robert P. Swierenga.</subfield></datafield><datafield ind1='0' ind2='0' tag='505'><subfield code='t'>Positive and negative motivation in Dutch migration to North America : the case of the Province of Zeeland in the nineteenth century /</subfield><subfield code='r'>Michael Wintle --</subfield><subfield code='t'>International migration from the Netherlands, 1880-1920 /</subfield><subfield code='r'>Pieter R.D. Stokvis --</subfield><subfield code='t'>Through women&apos;s eyes : Dutch protestant immigrant women in the United States, 1880-1920 /</subfield><subfield code='r'>Suzanne Sinke --</subfield><subfield code='t'>The &quot;Plakkaat van Verlatinge&quot; : a neglected model for the American Declaration of Independence /</subfield><subfield code='r'>Stephen E. Lucas --</subfield><subfield code='t'>Observing north Atlantic polities, 1672-1840 : Sir William Temple, Voltaire, and Alexis de Tocqueville /</subfield><subfield code='r'>Ralph Ketcham.</subfield></datafield><datafield ind1='0' ind2='0' tag='505'><subfield code='t'>Dutch Republic as an economic and political example in eighteenth and nineteenth-century Hispanic America /</subfield><subfield code='r'>Wim Klooster --</subfield><subfield code='t'>Dutch political model in the revolution of the Río de la Plata /</subfield><subfield code='r'>José Emilio Burucúa and Fabián Alejandro Campagne --</subfield><subfield code='t'>Translating &quot;America&quot; : the cultural work of American popular literature in the Netherlands in the nineteenth century /</subfield><subfield code='r'>Theo L. D&apos;haen --</subfield><subfield code='t'>Simon Vestdijk : Dutch critic of American literature /</subfield><subfield code='r'>Hans Bak --</subfield><subfield code='t'>Dutch technological migration and North American commercial exploitation : William Kolff and the development of the artificial kidney /</subfield><subfield code='r'>J.T.H. Connor.</subfield></datafield><datafield ind1=' ' ind2=' ' tag='520'><subfield code='a'>For review see: Marianne L. Mooijweer, in Tijdschrift voor geschiedenis, jrg. 108, no. 4 (1995); p. 591-592; For abstract see: in Bibliografische attenderingslijst voor docenten Neerlandistiek in het buitenland, jrg. 10, no. 2 (juli 1995).</subfield></datafield><datafield ind1=' ' ind2='0' tag='651'><subfield code='a'>Netherlands</subfield><subfield code='x'>Relations</subfield><subfield code='z'>America.</subfield></datafield><datafield ind1=' ' ind2='0' tag='651'><subfield code='a'>Netherlands</subfield><subfield code='x'>Relations</subfield><subfield code='z'>Latin America.</subfield></datafield><datafield ind1=' ' ind2='0' tag='651'><subfield code='a'>America</subfield><subfield code='x'>Relations</subfield><subfield code='z'>Netherlands.</subfield></datafield><datafield ind1=' ' ind2='0' tag='651'><subfield code='a'>Latin America</subfield><subfield code='x'>Relations</subfield><subfield code='z'>Netherlands.</subfield></datafield><datafield ind1='1' ind2=' ' tag='700'><subfield code='a'>Hoefte, Rosemarijn,</subfield><subfield code='d'>1959-</subfield></datafield><datafield ind1='1' ind2=' ' tag='700'><subfield code='a'>Kardux, Johanna C.,</subfield><subfield code='d'>1954-</subfield></datafield><datafield ind1='1' ind2=' ' tag='700'><subfield code='a'>Bak, Hans</subfield></datafield><datafield ind1='0' ind2='8' tag='776'><subfield code='i'>Online version:</subfield><subfield code='t'>Connecting cultures.</subfield><subfield code='d'>Amsterdam : VU University Press, 1994</subfield><subfield code='w'>(OCoLC)609505895</subfield></datafield><datafield ind1=' ' ind2='0' tag='830'><subfield code='a'>European contributions to American studies</subfield><subfield code='v'>31.</subfield></datafield><datafield ind1='1' ind2=' ' tag='583'><subfield code='a'>committed to retain</subfield><subfield code='c'>20181001</subfield><subfield code='d'>in perpetuity</subfield><subfield code='f'>ReCAP Shared Collection</subfield><subfield code='5'>HUL</subfield><subfield code='8'>221959931410003941</subfield></datafield><datafield ind1='0' ind2=' ' tag='852'><subfield code='c'>HD</subfield><subfield code='h'>DJ81</subfield><subfield code='i'>.C66 1994</subfield><subfield code='0'>12969292</subfield><subfield code='b'>scsbhl</subfield></datafield><datafield ind1=' ' ind2=' ' tag='876'><subfield code='0'>12969292</subfield><subfield code='a'>18766827</subfield><subfield code='h'> </subfield><subfield code='j'>Available</subfield><subfield code='k'>WID</subfield><subfield code='p'>HWPZH4</subfield><subfield code='x'>Shared</subfield><subfield code='z'>HW</subfield><subfield code='l'>HD</subfield></datafield></record>