
<record><leader>00000cam a2200361 a 4500</leader><controlfield tag='001'>SCSB-11352979</controlfield><controlfield tag='005'>20100913224720.0</controlfield><controlfield tag='008'>100222s2010    tnu      b    000 0 eng  </controlfield><controlfield tag='009'>990125680360203941</controlfield><datafield ind1=' ' ind2=' ' tag='010'><subfield code='a'>^^2010006516</subfield></datafield><datafield ind1=' ' ind2=' ' tag='020'><subfield code='a'>9781595551092</subfield></datafield><datafield ind1=' ' ind2=' ' tag='020'><subfield code='a'>1595551093</subfield></datafield><datafield ind1=' ' ind2=' ' tag='035'><subfield code='a'>(OCoLC)527702802</subfield><subfield code='z'>(OCoLC)1466363401</subfield></datafield><datafield ind1=' ' ind2=' ' tag='040'><subfield code='a'>DLC</subfield><subfield code='c'>DLC</subfield><subfield code='d'>YDX</subfield><subfield code='d'>YDXCP</subfield></datafield><datafield ind1=' ' ind2=' ' tag='043'><subfield code='a'>n-us---</subfield></datafield><datafield ind1='0' ind2='0' tag='050'><subfield code='a'>PS712</subfield><subfield code='b'>.K45 2010</subfield></datafield><datafield ind1='0' ind2='0' tag='082'><subfield code='a'>811/.1</subfield><subfield code='2'>22</subfield></datafield><datafield ind1='1' ind2=' ' tag='100'><subfield code='a'>Kellogg, D. B.</subfield></datafield><datafield ind1='1' ind2='0' tag='245'><subfield code='a'>Anne Bradstreet /</subfield><subfield code='c'>D. B. Kellogg.</subfield></datafield><datafield ind1=' ' ind2=' ' tag='260'><subfield code='a'>Nashville :</subfield><subfield code='b'>Thomas Nelson,</subfield><subfield code='c'>c2010.</subfield></datafield><datafield ind1=' ' ind2=' ' tag='300'><subfield code='a'>xii, 178 p. ;</subfield><subfield code='c'>18 cm.</subfield></datafield><datafield ind1='1' ind2=' ' tag='490'><subfield code='a'>Christian encounters</subfield></datafield><datafield ind1=' ' ind2=' ' tag='504'><subfield code='a'>Includes bibliographical references.</subfield></datafield><datafield ind1='0' ind2=' ' tag='505'><subfield code='a'>England -- An unexpected new venture -- &quot;We shall be as a city upon a hill&quot; -- New England -- A home at last -- &quot;It pleased God&quot; -- In the wilderness -- Mistress Hutchinson -- Liberties and losses -- Andover -- The tenth muse lately sprung up in America -- Lamentations -- &quot;Weary pilgrim, now at rest&quot; -- Sailing toward port.</subfield></datafield><datafield ind1='1' ind2='0' tag='600'><subfield code='a'>Bradstreet, Anne,</subfield><subfield code='d'>1612?-1672</subfield><subfield code='x'>Criticism and interpretation.</subfield></datafield><datafield ind1=' ' ind2='0' tag='650'><subfield code='a'>Christian poetry, American</subfield><subfield code='x'>History and criticism.</subfield></datafield><datafield ind1=' ' ind2='7' tag='655'><subfield code='a'>Criticism, interpretation, etc.</subfield><subfield code='2'>fast</subfield><subfield code='0'>(OCoLC)fst01411635</subfield></datafield><datafield ind1=' ' ind2='0' tag='830'><subfield code='a'>Christian encounters.</subfield></datafield><datafield ind1='1' ind2=' ' tag='583'><subfield code='a'>committed to retain</subfield><subfield code='c'>20181001</subfield><subfield code='d'>in perpetuity</subfield><subfield code='f'>ReCAP Shared Collection</subfield><subfield code='5'>HUL</subfield><subfield code='8'>222146197070003941</subfield></datafield><datafield ind1='0' ind2=' ' tag='852'><subfield code='c'>HD</subfield><subfield code='h'>PS712</subfield><subfield code='i'>.K45 2010</subfield><subfield code='0'>12159410</subfield><subfield code='b'>scsbhl</subfield></datafield><datafield ind1=' ' ind2=' ' tag='876'><subfield code='0'>12159410</subfield><subfield code='a'>17925457</subfield><subfield code='h'> </subfield><subfield code='j'>Available</subfield><subfield code='k'>WID</subfield><subfield code='p'>32044114887805</subfield><subfield code='x'>Shared</subfield><subfield code='z'>HW</subfield><subfield code='l'>HD</subfield></datafield></record>