
<record><leader>01017cam a2200289I  4500</leader><controlfield tag='001'>SCSB-8166536</controlfield><controlfield tag='003'>OCoLC</controlfield><controlfield tag='005'>20000629185822.0</controlfield><controlfield tag='008'>750129r19321867nyuch    b    000 p eng  </controlfield><controlfield tag='009'>.b130735309</controlfield><datafield ind1=' ' ind2=' ' tag='010'><subfield code='a'>32026751</subfield></datafield><datafield ind1=' ' ind2=' ' tag='040'><subfield code='a'>DLC</subfield><subfield code='c'>HEI</subfield><subfield code='d'>SER</subfield><subfield code='d'>NGU</subfield><subfield code='d'>NYP</subfield><subfield code='d'>WaOLN</subfield></datafield><datafield ind1=' ' ind2=' ' tag='049'><subfield code='a'>NYPG</subfield></datafield><datafield ind1='0' ind2='0' tag='050'><subfield code='a'>PS711</subfield><subfield code='b'>.A1 1932</subfield></datafield><datafield ind1='0' ind2='0' tag='082'><subfield code='a'>811.12</subfield></datafield><datafield ind1='1' ind2=' ' tag='100'><subfield code='a'>Bradstreet, Anne,</subfield><subfield code='d'>1612?-1672.</subfield></datafield><datafield ind1='0' ind2='4' tag='245'><subfield code='a'>The works of Anne Bradstreet,</subfield><subfield code='b'>in prose and verse,</subfield><subfield code='c'>edited by John Harvard Ellis.</subfield></datafield><datafield ind1=' ' ind2=' ' tag='260'><subfield code='a'>New York,</subfield><subfield code='b'>P. Smith,</subfield><subfield code='c'>1932.</subfield></datafield><datafield ind1=' ' ind2=' ' tag='300'><subfield code='a'>lxxvi, 432 p. incl. front., facsims.</subfield><subfield code='b'>port., facsim.</subfield><subfield code='c'>24 cm.</subfield></datafield><datafield ind1=' ' ind2=' ' tag='500'><subfield code='a'>A reprint of the 1867 edition.</subfield></datafield><datafield ind1=' ' ind2=' ' tag='504'><subfield code='a'>Includes bibliographic references.</subfield></datafield><datafield ind1=' ' ind2='0' tag='650'><subfield code='a'>American literature.</subfield></datafield><datafield ind1='1' ind2=' ' tag='700'><subfield code='a'>Ellis, John Harvard,</subfield><subfield code='d'>1841-</subfield></datafield><datafield ind1=' ' ind2=' ' tag='907'><subfield code='a'>.b130735309</subfield><subfield code='c'>m</subfield><subfield code='d'>a</subfield><subfield code='e'>-</subfield><subfield code='f'>eng</subfield><subfield code='g'>nyu</subfield><subfield code='h'>4</subfield><subfield code='i'>1</subfield></datafield><datafield ind1=' ' ind2=' ' tag='035'><subfield code='a'>(OCoLC)1155484</subfield></datafield><datafield ind1=' ' ind2=' ' tag='901'><subfield code='a'>2f14e2cb-18cd-44f9-8d79-202bfd7e53c8</subfield><subfield code='b'>13</subfield><subfield code='c'>false</subfield></datafield><datafield ind1='8' ind2=' ' tag='852'><subfield code='h'>NBHD (Bradstreet, A. D. Works)</subfield><subfield code='0'>8316471</subfield><subfield code='b'>scsbnypl</subfield></datafield><datafield ind1=' ' ind2=' ' tag='876'><subfield code='0'>8316471</subfield><subfield code='a'>13672150</subfield><subfield code='j'>Available</subfield><subfield code='p'>33433115845939</subfield><subfield code='t'>1</subfield><subfield code='x'>Shared</subfield><subfield code='z'>NA</subfield><subfield code='l'>RECAP</subfield></datafield></record>