
<record><leader>00000nam a2200397Ii 4500</leader><controlfield tag='001'>SCSB-12092736</controlfield><controlfield tag='005'>20170124230355.0</controlfield><controlfield tag='008'>170120t20162016gw a     b    000 0 ger d</controlfield><controlfield tag='009'>990148630790203941</controlfield><datafield ind1='7' ind2=' ' tag='016'><subfield code='a'>1081276800</subfield><subfield code='2'>GyFmDB</subfield></datafield><datafield ind1=' ' ind2=' ' tag='020'><subfield code='a'>9783898768139</subfield><subfield code='q'>(pbk.)</subfield></datafield><datafield ind1=' ' ind2=' ' tag='035'><subfield code='a'>(OCoLC)966524640</subfield><subfield code='z'>(OCoLC)1467486878</subfield><subfield code='z'>(OCoLC)1493521129</subfield></datafield><datafield ind1=' ' ind2=' ' tag='040'><subfield code='a'>NyNyMAR</subfield><subfield code='b'>eng</subfield><subfield code='e'>rda</subfield><subfield code='c'>NyNyMAR</subfield></datafield><datafield ind1=' ' ind2=' ' tag='043'><subfield code='a'>e-gx---</subfield></datafield><datafield ind1=' ' ind2='4' tag='050'><subfield code='a'>PF5479.L56</subfield><subfield code='b'>H44 2016</subfield></datafield><datafield ind1='1' ind2=' ' tag='100'><subfield code='a'>Heger, Christian,</subfield><subfield code='d'>1980-</subfield><subfield code='e'>author.</subfield></datafield><datafield ind1='1' ind2='0' tag='245'><subfield code='a'>Wäller Platt :</subfield><subfield code='b'>Geschichte, Grammatik und Wortschatz des Westerwälder Dialekts : dargestellt am Beispiel der regionalen Mundart nördlich von Limburg an der Lahn /</subfield><subfield code='c'>Christian Heger.</subfield></datafield><datafield ind1='3' ind2='0' tag='246'><subfield code='a'>Geschichte, Grammatik und Wortschatz des Westerwälder Dialekts :</subfield><subfield code='b'>dargestellt am Beispiel der regionalen Mundart nördlich von Limburg an der Lahn</subfield></datafield><datafield ind1=' ' ind2=' ' tag='250'><subfield code='a'>2. durchgesehene Auflage 2016.</subfield></datafield><datafield ind1=' ' ind2='1' tag='264'><subfield code='a'>Husum :</subfield><subfield code='b'>Husum,</subfield><subfield code='c'>[2016]</subfield></datafield><datafield ind1=' ' ind2='4' tag='264'><subfield code='c'>©2016</subfield></datafield><datafield ind1=' ' ind2=' ' tag='300'><subfield code='a'>147 pages :</subfield><subfield code='b'>illustrations ;</subfield><subfield code='c'>21 cm</subfield></datafield><datafield ind1=' ' ind2=' ' tag='336'><subfield code='a'>text</subfield><subfield code='b'>txt</subfield><subfield code='2'>rdacontent</subfield></datafield><datafield ind1=' ' ind2=' ' tag='337'><subfield code='a'>unmediated</subfield><subfield code='b'>n</subfield><subfield code='2'>rdamedia</subfield></datafield><datafield ind1=' ' ind2=' ' tag='338'><subfield code='a'>volume</subfield><subfield code='b'>nc</subfield><subfield code='2'>rdacarrier</subfield></datafield><datafield ind1=' ' ind2=' ' tag='504'><subfield code='a'>Includes bibliographical references (pages 136-140).</subfield></datafield><datafield ind1=' ' ind2='0' tag='650'><subfield code='a'>German language</subfield><subfield code='x'>Dialects</subfield><subfield code='z'>Germany</subfield><subfield code='z'>Limburg an der Lahn.</subfield></datafield><datafield ind1=' ' ind2='0' tag='650'><subfield code='a'>German language</subfield><subfield code='x'>Dialects</subfield><subfield code='z'>Germany</subfield><subfield code='z'>Limburg an der Lahn</subfield><subfield code='x'>Grammar.</subfield></datafield><datafield ind1=' ' ind2='0' tag='650'><subfield code='a'>German language</subfield><subfield code='x'>Dialects</subfield><subfield code='z'>Germany</subfield><subfield code='z'>Limburg an der Lahn</subfield><subfield code='v'>Glossaries, vocabularies, etc.</subfield></datafield><datafield ind1=' ' ind2='0' tag='650'><subfield code='a'>German language</subfield><subfield code='x'>Dialects</subfield><subfield code='z'>Germany</subfield><subfield code='z'>Westerwald.</subfield></datafield><datafield ind1=' ' ind2='0' tag='650'><subfield code='a'>German language</subfield><subfield code='x'>Dialects</subfield><subfield code='z'>Germany</subfield><subfield code='z'>Westerwald</subfield><subfield code='x'>Grammar.</subfield></datafield><datafield ind1=' ' ind2='0' tag='650'><subfield code='a'>German language</subfield><subfield code='x'>Dialects</subfield><subfield code='z'>Germany</subfield><subfield code='z'>Westerwald</subfield><subfield code='v'>Glossaries, vocabularies, etc.</subfield></datafield><datafield ind1=' ' ind2='7' tag='655'><subfield code='a'>Glossaries, vocabularies, etc.</subfield><subfield code='2'>fast</subfield><subfield code='0'>(OCoLC)fst01423786</subfield></datafield><datafield ind1='1' ind2=' ' tag='583'><subfield code='a'>committed to retain</subfield><subfield code='c'>20181001</subfield><subfield code='d'>in perpetuity</subfield><subfield code='f'>ReCAP Shared Collection</subfield><subfield code='5'>HUL</subfield><subfield code='8'>222188491060003941</subfield></datafield><datafield ind1='0' ind2=' ' tag='852'><subfield code='c'>HD</subfield><subfield code='h'>PF5479.L56</subfield><subfield code='i'>H44 2016</subfield><subfield code='0'>12920717</subfield><subfield code='b'>scsbhl</subfield></datafield><datafield ind1=' ' ind2=' ' tag='876'><subfield code='0'>12920717</subfield><subfield code='a'>18716431</subfield><subfield code='h'> </subfield><subfield code='j'>Available</subfield><subfield code='k'>WID</subfield><subfield code='p'>32044141099036</subfield><subfield code='x'>Shared</subfield><subfield code='z'>HW</subfield><subfield code='l'>HD</subfield></datafield></record>