
<record><leader>01181pam a22002534a 4500</leader><controlfield tag='001'>SCSB-12287868</controlfield><controlfield tag='005'>20030918120023.0</controlfield><controlfield tag='008'>030123s2003    nyu      b    001 0beng  </controlfield><controlfield tag='009'>990091596930203941</controlfield><datafield ind1=' ' ind2=' ' tag='010'><subfield code='a'>^^2003001607</subfield></datafield><datafield ind1=' ' ind2=' ' tag='020'><subfield code='a'>0826415121 (pbk. : alk. paper)</subfield></datafield><datafield ind1=' ' ind2=' ' tag='035'><subfield code='a'>(OCoLC)51553607</subfield></datafield><datafield ind1=' ' ind2=' ' tag='040'><subfield code='a'>DLC</subfield><subfield code='c'>DLC</subfield><subfield code='d'>DLC</subfield></datafield><datafield ind1=' ' ind2=' ' tag='042'><subfield code='a'>pcc</subfield></datafield><datafield ind1=' ' ind2=' ' tag='043'><subfield code='a'>e-uk-en</subfield></datafield><datafield ind1='0' ind2='0' tag='050'><subfield code='a'>BX8495.W5</subfield><subfield code='b'>.W255 2003</subfield></datafield><datafield ind1='0' ind2='0' tag='082'><subfield code='a'>287/.092</subfield><subfield code='a'>B</subfield><subfield code='2'>21</subfield></datafield><datafield ind1='1' ind2=' ' tag='100'><subfield code='a'>Waller, Ralph.</subfield></datafield><datafield ind1='1' ind2='0' tag='245'><subfield code='a'>John Wesley :</subfield><subfield code='b'>a personal portrait /</subfield><subfield code='c'>Ralph Waller.</subfield></datafield><datafield ind1=' ' ind2=' ' tag='260'><subfield code='a'>New York, NY :</subfield><subfield code='b'>Continuum International Pub. Group,</subfield><subfield code='c'>2003.</subfield></datafield><datafield ind1=' ' ind2=' ' tag='300'><subfield code='a'>x, 147 p. ;</subfield><subfield code='c'>24 cm.</subfield></datafield><datafield ind1=' ' ind2=' ' tag='504'><subfield code='a'>Includes bibliographical references (p. [129]-142) and index.</subfield></datafield><datafield ind1='0' ind2=' ' tag='505'><subfield code='a'>Susanna and Samuel -- Epworth and the rectory -- Charterhouse and Christ Church -- Lincoln College and a fellow&apos;s life -- Georgia -- Failure and conversion -- Growth and development -- The Moravians and stillness -- Wesley, Whitefield and predestination -- Preaching and the preacher -- Opposition and riots -- The travelling preacher -- Theological and Matrimonial Strife -- Social concern -- Farewell.</subfield></datafield><datafield ind1='1' ind2='0' tag='600'><subfield code='a'>Wesley, John,</subfield><subfield code='d'>1703-1791.</subfield></datafield><datafield ind1=' ' ind2='0' tag='650'><subfield code='a'>Methodist Church</subfield><subfield code='z'>England</subfield><subfield code='x'>Clergy</subfield><subfield code='v'>Biography</subfield></datafield><datafield ind1=' ' ind2='7' tag='655'><subfield code='a'>collective biographies.</subfield><subfield code='2'>aat</subfield></datafield><datafield ind1=' ' ind2='7' tag='655'><subfield code='a'>Biographies</subfield><subfield code='2'>fast</subfield><subfield code='0'>(OCoLC)fst01919896</subfield></datafield><datafield ind1=' ' ind2='7' tag='655'><subfield code='a'>Biographies</subfield><subfield code='2'>lcgft</subfield></datafield><datafield ind1=' ' ind2='7' tag='655'><subfield code='a'>Biographies.</subfield><subfield code='2'>rvmgf</subfield></datafield><datafield ind1='1' ind2=' ' tag='583'><subfield code='a'>committed to retain</subfield><subfield code='c'>20181001</subfield><subfield code='d'>in perpetuity</subfield><subfield code='f'>ReCAP Shared Collection</subfield><subfield code='5'>HUL</subfield><subfield code='8'>222065466320003941</subfield></datafield><datafield ind1='0' ind2=' ' tag='852'><subfield code='c'>HD</subfield><subfield code='h'>BX8495.W5</subfield><subfield code='i'>.W255 2003</subfield><subfield code='0'>13121548</subfield><subfield code='b'>scsbhl</subfield></datafield><datafield ind1=' ' ind2=' ' tag='876'><subfield code='0'>13121548</subfield><subfield code='a'>18924402</subfield><subfield code='h'> </subfield><subfield code='j'>Available</subfield><subfield code='k'>WID</subfield><subfield code='p'>HXP82B</subfield><subfield code='x'>Shared</subfield><subfield code='z'>HW</subfield><subfield code='l'>HD</subfield></datafield></record>