
<record><leader>00709cam a2200229 a 4500</leader><controlfield tag='001'>SCSB-12092418</controlfield><controlfield tag='005'>20030811140649.0</controlfield><controlfield tag='008'>020412s1999    enk      b    000 0 eng  </controlfield><controlfield tag='009'>990091652280203941</controlfield><datafield ind1=' ' ind2=' ' tag='015'><subfield code='a'>GBA2-24106</subfield></datafield><datafield ind1=' ' ind2=' ' tag='020'><subfield code='a'>0953702804</subfield></datafield><datafield ind1=' ' ind2=' ' tag='035'><subfield code='a'>(OCoLC)59485697</subfield><subfield code='z'>(OCoLC)49594366</subfield></datafield><datafield ind1=' ' ind2=' ' tag='040'><subfield code='a'>UKM</subfield><subfield code='c'>UKM</subfield><subfield code='d'>OCLCQ</subfield></datafield><datafield ind1='0' ind2='4' tag='082'><subfield code='a'>291.1720904</subfield><subfield code='2'>21</subfield></datafield><datafield ind1='1' ind2=' ' tag='100'><subfield code='a'>Waller, Scottie.</subfield></datafield><datafield ind1='1' ind2='4' tag='245'><subfield code='a'>The hundred year wind :</subfield><subfield code='b'>changing attitudes in the West to Eastern religions in the 20th century /</subfield><subfield code='c'>Scottie Waller.</subfield></datafield><datafield ind1=' ' ind2=' ' tag='260'><subfield code='a'>Limpsfield Chart :</subfield><subfield code='b'>Caxton House,</subfield><subfield code='c'>c1999.</subfield></datafield><datafield ind1=' ' ind2=' ' tag='300'><subfield code='a'>85 p. ;</subfield><subfield code='c'>21 cm.</subfield></datafield><datafield ind1=' ' ind2=' ' tag='504'><subfield code='a'>Includes bibliographical references.</subfield></datafield><datafield ind1=' ' ind2='0' tag='650'><subfield code='a'>Christianity and other religions.</subfield></datafield><datafield ind1=' ' ind2='0' tag='650'><subfield code='a'>Religious pluralism.</subfield></datafield><datafield ind1='1' ind2=' ' tag='583'><subfield code='a'>committed to retain</subfield><subfield code='c'>20181001</subfield><subfield code='d'>in perpetuity</subfield><subfield code='f'>ReCAP Shared Collection</subfield><subfield code='5'>HUL</subfield><subfield code='8'>222066465880003941</subfield></datafield><datafield ind1='0' ind2=' ' tag='852'><subfield code='c'>HD</subfield><subfield code='0'>12920398</subfield><subfield code='b'>scsbhl</subfield></datafield><datafield ind1=' ' ind2=' ' tag='876'><subfield code='0'>12920398</subfield><subfield code='a'>18716101</subfield><subfield code='h'> </subfield><subfield code='j'>Available</subfield><subfield code='k'>WID</subfield><subfield code='p'>HXRFZX</subfield><subfield code='x'>Shared</subfield><subfield code='z'>HW</subfield><subfield code='l'>HD</subfield></datafield></record>