
<record><leader>01443nam a2200301 a 4500</leader><controlfield tag='001'>SCSB-3772271</controlfield><controlfield tag='003'>NNC</controlfield><controlfield tag='005'>20220616043754.0</controlfield><controlfield tag='008'>000110t19991999enk           000 0 eng d</controlfield><controlfield tag='009'>2432307</controlfield><datafield ind1=' ' ind2=' ' tag='020'><subfield code='a'>0281052263 (pbk.)</subfield></datafield><datafield ind1=' ' ind2=' ' tag='035'><subfield code='a'>(OCoLC)ocm43248292</subfield></datafield><datafield ind1=' ' ind2=' ' tag='035'><subfield code='9'>APX8704CU</subfield></datafield><datafield ind1=' ' ind2=' ' tag='035'><subfield code='a'>2432307</subfield></datafield><datafield ind1=' ' ind2=' ' tag='040'><subfield code='a'>KAT</subfield><subfield code='c'>KAT</subfield></datafield><datafield ind1=' ' ind2=' ' tag='090'><subfield code='a'>BV4501.2</subfield><subfield code='b'>.I5776 1999</subfield></datafield><datafield ind1='0' ind2=' ' tag='092'><subfield code='a'>248</subfield><subfield code='2'>19</subfield></datafield><datafield ind1='0' ind2='3' tag='245'><subfield code='a'>An introduction to Christian spirituality /</subfield><subfield code='c'>edited by Ralph Waller and Benedicta Ward.</subfield></datafield><datafield ind1=' ' ind2=' ' tag='260'><subfield code='a'>London :</subfield><subfield code='b'>SPCK,</subfield><subfield code='c'>[1999], ©1999.</subfield></datafield><datafield ind1=' ' ind2=' ' tag='300'><subfield code='a'>ix, 148 pages ;</subfield><subfield code='c'>22 cm</subfield></datafield><datafield ind1=' ' ind2=' ' tag='336'><subfield code='a'>text</subfield><subfield code='b'>txt</subfield><subfield code='2'>rdacontent</subfield></datafield><datafield ind1=' ' ind2=' ' tag='337'><subfield code='a'>unmediated</subfield><subfield code='b'>n</subfield><subfield code='2'>rdamedia</subfield></datafield><datafield ind1=' ' ind2=' ' tag='504'><subfield code='a'>Includes bibliographical references and index.</subfield></datafield><datafield ind1='0' ind2=' ' tag='505'><subfield code='a'>1. To stand where Christ stands / Rowan Williams -- 2. Prayer in Evagrius of Pontus and the Macarian homilies / Kallistos Ware -- 3. Frindship / David Moss -- 4. The English mystics / Benedicta Ward -- 5. The Spanish mystics / Colin Thompson -- 6. William Law and the Wesleys / Ron Glithero -- 7. Spirituality and unity / Ralph Waller -- 8. Spirituality in the Anglican tradition.</subfield></datafield><datafield ind1=' ' ind2='0' tag='650'><subfield code='a'>Spirituality.</subfield><subfield code='0'>http://id.loc.gov/authorities/subjects/sh85126779</subfield></datafield><datafield ind1=' ' ind2='0' tag='650'><subfield code='a'>Spirituality</subfield><subfield code='x'>History.</subfield><subfield code='0'>http://id.loc.gov/authorities/subjects/sh88003111</subfield></datafield><datafield ind1='1' ind2=' ' tag='700'><subfield code='a'>Waller, Ralph.</subfield><subfield code='0'>http://id.loc.gov/authorities/names/nr00031727</subfield></datafield><datafield ind1='1' ind2=' ' tag='700'><subfield code='a'>Ward, Benedicta,</subfield><subfield code='d'>1933-</subfield><subfield code='0'>http://id.loc.gov/authorities/names/n79071365</subfield></datafield><datafield ind1='0' ind2='0' tag='852'><subfield code='h'>BV4501.2 .I5776 1999g</subfield><subfield code='0'>3782957</subfield><subfield code='b'>scsbcul</subfield></datafield><datafield ind1=' ' ind2=' ' tag='876'><subfield code='0'>3782957</subfield><subfield code='a'>5582878</subfield><subfield code='h'> </subfield><subfield code='j'>Available</subfield><subfield code='p'>CU74159925</subfield><subfield code='t'>1</subfield><subfield code='x'>Shared</subfield><subfield code='z'>CU</subfield><subfield code='l'>RECAP</subfield></datafield></record>