
<record><leader>02560cjm a2200529Ii 4500</leader><controlfield tag='001'>SCSB-14031010</controlfield><controlfield tag='003'>NNC</controlfield><controlfield tag='005'>20240618233909.0</controlfield><controlfield tag='007'>sd fsngnnmmned</controlfield><controlfield tag='008'>190812p20192018sw uunn           n zxx d</controlfield><controlfield tag='009'>14262806</controlfield><datafield ind1='3' ind2=' ' tag='024'><subfield code='a'>5060165485383</subfield><subfield code='c'>$26.98</subfield></datafield><datafield ind1='0' ind2='2' tag='028'><subfield code='a'>iDEAL 192CD</subfield><subfield code='b'>iDEAL Recordings</subfield></datafield><datafield ind1='0' ind2='0' tag='028'><subfield code='a'>192CD</subfield><subfield code='b'>iDEAL Recordings</subfield></datafield><datafield ind1=' ' ind2=' ' tag='035'><subfield code='a'>(OCoLC)on1112073492</subfield></datafield><datafield ind1=' ' ind2=' ' tag='035'><subfield code='a'>(OCoLC)1112073492</subfield></datafield><datafield ind1=' ' ind2=' ' tag='035'><subfield code='a'>14262806</subfield></datafield><datafield ind1=' ' ind2=' ' tag='040'><subfield code='a'>SPP</subfield><subfield code='b'>eng</subfield><subfield code='e'>rda</subfield><subfield code='c'>SPP</subfield><subfield code='d'>ZCU</subfield><subfield code='d'>NNC</subfield></datafield><datafield ind1=' ' ind2=' ' tag='049'><subfield code='a'>ZCUA</subfield></datafield><datafield ind1='1' ind2=' ' tag='100'><subfield code='a'>Malone, Kali,</subfield><subfield code='d'>1994-</subfield><subfield code='e'>composer,</subfield><subfield code='e'>performer.</subfield><subfield code='4'>http://id.loc.gov/vocabulary/relators/cmp</subfield><subfield code='4'>http://id.loc.gov/vocabulary/relators/prf</subfield><subfield code='0'>http://id.loc.gov/authorities/names/no2019130583</subfield></datafield><datafield ind1='1' ind2='4' tag='245'><subfield code='a'>The sacrificial code /</subfield><subfield code='c'>Kali Malone.</subfield></datafield><datafield ind1=' ' ind2='1' tag='264'><subfield code='a'>[Sweden] :</subfield><subfield code='b'>iDEAL Recordings,</subfield><subfield code='c'>2019.</subfield></datafield><datafield ind1=' ' ind2=' ' tag='300'><subfield code='a'>3 audio discs :</subfield><subfield code='b'>CD audio ;</subfield><subfield code='c'>4 3/4 in.</subfield></datafield><datafield ind1=' ' ind2=' ' tag='336'><subfield code='a'>performed music</subfield><subfield code='b'>prm</subfield><subfield code='2'>rdacontent</subfield></datafield><datafield ind1=' ' ind2=' ' tag='337'><subfield code='a'>audio</subfield><subfield code='b'>s</subfield><subfield code='2'>rdamedia</subfield></datafield><datafield ind1=' ' ind2=' ' tag='338'><subfield code='a'>audio disc</subfield><subfield code='b'>sd</subfield><subfield code='2'>rdacarrier</subfield></datafield><datafield ind1=' ' ind2=' ' tag='344'><subfield code='a'>digital</subfield><subfield code='2'>rdatr</subfield></datafield><datafield ind1=' ' ind2=' ' tag='344'><subfield code='c'>1.4 m/s</subfield></datafield><datafield ind1=' ' ind2=' ' tag='347'><subfield code='a'>audio file</subfield><subfield code='2'>rdaft</subfield></datafield><datafield ind1=' ' ind2=' ' tag='347'><subfield code='b'>CD audio</subfield></datafield><datafield ind1=' ' ind2=' ' tag='500'><subfield code='a'>Title from disc label</subfield></datafield><datafield ind1=' ' ind2=' ' tag='500'><subfield code='a'>Organ music</subfield></datafield><datafield ind1='0' ind2=' ' tag='511'><subfield code='a'>Kali Malone, organ ; with Ellen Arkbro (on CD 3: Live in Hagakyrka)</subfield></datafield><datafield ind1=' ' ind2=' ' tag='518'><subfield code='3'>CD 1: Canons for Kirnberger III</subfield><subfield code='o'>recorded</subfield><subfield code='p'>Kungliga Musikhögskolan, Stockholm</subfield><subfield code='d'>March 2018</subfield></datafield><datafield ind1=' ' ind2=' ' tag='518'><subfield code='3'>CD 2: Norrlands Orgel</subfield><subfield code='o'>recorded</subfield><subfield code='p'>Studio Acustücum, Piteå</subfield><subfield code='d'>September 2018</subfield></datafield><datafield ind1=' ' ind2=' ' tag='518'><subfield code='3'>CD 3: Live in Hagakyrka</subfield><subfield code='o'>recorded</subfield><subfield code='p'>Hagakyrka, Gothenburg,</subfield><subfield code='d'>April 2018</subfield></datafield><datafield ind1='0' ind2=' ' tag='505'><subfield code='a'>CD 1. Canons for Kirnberger III. Spectacle of ritual (10:53) ; Sacrificial code (5:29) ; Rose wreath crown : (for C.W.) (10:25) -- CD 2. Norrlands Orgel. Sacer profanare (8:48) ; Litanic cloth wrung (13:25) ; Fifth worship II (7:50) -- CD 3. Lie in Hagakyrka. Hagakyrka bells (1:08) ; Prelude (11:23) ; Sacrificial code (13:25) ; Glory canon III (23:23)</subfield></datafield><datafield ind1=' ' ind2='0' tag='650'><subfield code='a'>Organ music.</subfield><subfield code='0'>http://id.loc.gov/authorities/subjects/sh85095468</subfield></datafield><datafield ind1=' ' ind2='0' tag='650'><subfield code='a'>Minimal music.</subfield><subfield code='0'>http://id.loc.gov/authorities/subjects/sh86001706</subfield></datafield><datafield ind1=' ' ind2='7' tag='655'><subfield code='a'>Art music.</subfield><subfield code='2'>lcgft</subfield><subfield code='0'>http://id.loc.gov/authorities/genreForms/gf2014026639</subfield></datafield><datafield ind1=' ' ind2='7' tag='655'><subfield code='a'>Minimal music.</subfield><subfield code='2'>lcgft</subfield><subfield code='0'>http://id.loc.gov/authorities/genreForms/gf2014026938</subfield></datafield><datafield ind1='1' ind2=' ' tag='700'><subfield code='a'>Arkbro, Ellen,</subfield><subfield code='e'>performer.</subfield><subfield code='4'>http://id.loc.gov/vocabulary/relators/prf</subfield><subfield code='0'>http://id.loc.gov/authorities/names/n2018004755</subfield></datafield><datafield ind1='0' ind2='2' tag='740'><subfield code='a'>Canons for Kirnberger III</subfield></datafield><datafield ind1='0' ind2='2' tag='740'><subfield code='a'>Norrlands Orgel</subfield></datafield><datafield ind1='0' ind2='2' tag='740'><subfield code='a'>Live in Hagakyrka</subfield></datafield><datafield ind1='8' ind2='0' tag='852'><subfield code='h'>CD31784</subfield><subfield code='0'>14969268</subfield><subfield code='b'>scsbcul</subfield></datafield><datafield ind1=' ' ind2=' ' tag='876'><subfield code='0'>14969268</subfield><subfield code='a'>21421673</subfield><subfield code='h'>In Library Use</subfield><subfield code='j'>Available</subfield><subfield code='p'>MR75613131</subfield><subfield code='t'>1</subfield><subfield code='x'>Open</subfield><subfield code='z'>MR</subfield><subfield code='l'>RECAP</subfield></datafield></record>