
<record><leader>04445cjm a2200673Ii 4500</leader><controlfield tag='001'>SCSB-13645114</controlfield><controlfield tag='003'>NNC</controlfield><controlfield tag='005'>20230126044734.0</controlfield><controlfield tag='007'>sd fsngnnmmned</controlfield><controlfield tag='008'>160120p20162015enkcbn   dfi      n heb d</controlfield><controlfield tag='009'>12047690</controlfield><datafield ind1=' ' ind2=' ' tag='019'><subfield code='a'>942086937</subfield></datafield><datafield ind1='7' ind2=' ' tag='024'><subfield code='a'>00822252236125</subfield><subfield code='2'>gtin-14</subfield></datafield><datafield ind1='1' ind2=' ' tag='024'><subfield code='a'>822252236125</subfield></datafield><datafield ind1='0' ind2='0' tag='028'><subfield code='a'>AV2361</subfield><subfield code='b'>Avie</subfield></datafield><datafield ind1='1' ind2=' ' tag='029'><subfield code='a'>AU@</subfield><subfield code='b'>000057434541</subfield></datafield><datafield ind1='2' ind2='0' tag='033'><subfield code='a'>20150219</subfield><subfield code='a'>20150221</subfield><subfield code='b'>4084</subfield><subfield code='c'>C52</subfield></datafield><datafield ind1=' ' ind2=' ' tag='035'><subfield code='a'>(OCoLC)ocn936015440</subfield></datafield><datafield ind1=' ' ind2=' ' tag='035'><subfield code='a'>(OCoLC)936015440</subfield><subfield code='z'>(OCoLC)942086937</subfield></datafield><datafield ind1=' ' ind2=' ' tag='035'><subfield code='a'>(NNC)12047690</subfield></datafield><datafield ind1=' ' ind2=' ' tag='035'><subfield code='a'>12047690</subfield></datafield><datafield ind1=' ' ind2=' ' tag='040'><subfield code='a'>BTCTA</subfield><subfield code='b'>eng</subfield><subfield code='e'>rda</subfield><subfield code='c'>BTCTA</subfield><subfield code='d'>MR0</subfield><subfield code='d'>IWC</subfield><subfield code='d'>IAI</subfield><subfield code='d'>TEF</subfield><subfield code='d'>TDF</subfield><subfield code='d'>OCLCF</subfield></datafield><datafield ind1='0' ind2=' ' tag='041'><subfield code='d'>heb</subfield><subfield code='e'>heb</subfield><subfield code='e'>eng</subfield><subfield code='n'>heb</subfield><subfield code='g'>eng</subfield></datafield><datafield ind1=' ' ind2='4' tag='050'><subfield code='a'>M1853</subfield><subfield code='b'>.S33 2016</subfield></datafield><datafield ind1='0' ind2='4' tag='082'><subfield code='a'>781.6292467</subfield><subfield code='2'>23</subfield></datafield><datafield ind1='0' ind2='0' tag='245'><subfield code='a'>Sephardic journey :</subfield><subfield code='b'>wanderings of the Spanish Jews /</subfield><subfield code='c'>Apollo&apos;s Fire Baroque Orchestra, Jeannette Sorrell.</subfield></datafield><datafield ind1=' ' ind2='1' tag='264'><subfield code='a'>[London] :</subfield><subfield code='b'>Avie,</subfield><subfield code='c'>[2016]</subfield></datafield><datafield ind1=' ' ind2='4' tag='264'><subfield code='c'>©2016,</subfield><subfield code='c'>℗2016</subfield></datafield><datafield ind1=' ' ind2=' ' tag='300'><subfield code='a'>1 audio disc (64 min.) :</subfield><subfield code='b'>CD audio, digital, stereo ;</subfield><subfield code='c'>4 3/4 in.</subfield></datafield><datafield ind1=' ' ind2=' ' tag='336'><subfield code='a'>performed music</subfield><subfield code='b'>prm</subfield><subfield code='2'>rdacontent</subfield></datafield><datafield ind1=' ' ind2=' ' tag='337'><subfield code='a'>audio</subfield><subfield code='b'>s</subfield><subfield code='2'>rdamedia</subfield></datafield><datafield ind1=' ' ind2=' ' tag='338'><subfield code='a'>audio disc</subfield><subfield code='2'>rdacarrier</subfield></datafield><datafield ind1=' ' ind2=' ' tag='344'><subfield code='a'>digital</subfield><subfield code='b'>optical</subfield><subfield code='g'>stereo</subfield><subfield code='2'>rda</subfield></datafield><datafield ind1=' ' ind2=' ' tag='347'><subfield code='a'>audio file</subfield><subfield code='b'>CD audio</subfield><subfield code='2'>rda</subfield></datafield><datafield ind1=' ' ind2=' ' tag='546'><subfield code='a'>Sung in Hebrew.</subfield></datafield><datafield ind1=' ' ind2=' ' tag='500'><subfield code='a'>Title from disc label.</subfield></datafield><datafield ind1='0' ind2=' ' tag='511'><subfield code='a'>Apollo&apos;s Fire Baroque Orchestra ; Jeannette Sorrell, artistic director, conductor ; Nell Snaidas, soprano, guest co-director ; Karim Sulayman, tenor ; Jeffrey Strauss, baritone ; with Apollo&apos;s Singers.</subfield></datafield><datafield ind1=' ' ind2=' ' tag='508'><subfield code='a'>Produced and edited by Erica Brenner.</subfield></datafield><datafield ind1=' ' ind2=' ' tag='518'><subfield code='o'>Recorded</subfield><subfield code='d'>February 19-21, 2015</subfield><subfield code='p'>St. Paul&apos;s Church, Cleveland Heights, Ohio.</subfield></datafield><datafield ind1=' ' ind2=' ' tag='500'><subfield code='a'>Compact disc.</subfield></datafield><datafield ind1=' ' ind2=' ' tag='500'><subfield code='a'>&quot;On period instruments&quot;--Container.</subfield></datafield><datafield ind1=' ' ind2=' ' tag='500'><subfield code='a'>Hebrew transliteration &amp; English translation of lyrics, program notes by Jeannette Sorrell, and biographical notes (30 pages : portraits) inserted in container.</subfield></datafield><datafield ind1='0' ind2=' ' tag='505'><subfield code='a'>O Jerusalem! Ir me kero, madre, a Yerushalayim (5:26) ; Kuando el rey nimrod (2:38) -- The temple. Avino malkeinu (3:23) ; Lecha dodi (3:04) ; Sonata in dialogo, detta la Viena (2:25) ; &apos;Al naharot Bavel = By the rivers of Babylon, Psalm 137 (2:40) ; Yitgaddal v&apos;yitkaddash (2:52) -- Love and romance. Ah, el novio no kere dinero! (2:09) ; La rosa enflorese = The rose blooms (4:03) ; Adio kerida = Farewell, my beloved (6:03) ; La komida lamanyana (1:50) ; A la una yo nací = At one I was born (3:00) -- The sabbath. Ki eshmera Shabbat = If I guard the Sabbath (4:08) ; Halleluyah. &apos;Ashrei &apos;ish (Psalm 112) (2:20) ; Taksim (1:02) ; Tzur mishelo akhalnu (4:06) -- Feasting and celebration. Sonata sopra la bergamasca (Sonatas, bk. IV, no. 12) (1:57) ; Sinfonia settimadecima &amp; Galliarda detta zambalina (Sinfonie e Galliarde, bk. II) (2:55) ; Hazeremos una merenda ; Kita&apos;l tas (4:12) ; La komida la manyana = The morning meal (3:17).</subfield></datafield><datafield ind1=' ' ind2='0' tag='650'><subfield code='a'>Sephardim</subfield><subfield code='v'>Music.</subfield><subfield code='0'>http://id.loc.gov/authorities/subjects/sh91005659</subfield></datafield><datafield ind1=' ' ind2='0' tag='650'><subfield code='a'>Jews, Spanish</subfield><subfield code='v'>Music.</subfield></datafield><datafield ind1=' ' ind2='0' tag='650'><subfield code='a'>Jewish chants.</subfield><subfield code='0'>http://id.loc.gov/authorities/subjects/sh85022550</subfield></datafield><datafield ind1=' ' ind2='0' tag='650'><subfield code='a'>Song of Solomon (Music)</subfield><subfield code='0'>http://id.loc.gov/authorities/subjects/sh86008166</subfield></datafield><datafield ind1=' ' ind2='7' tag='650'><subfield code='a'>Jewish chants.</subfield><subfield code='2'>fast</subfield><subfield code='0'>(OCoLC)fst00982688</subfield></datafield><datafield ind1=' ' ind2='7' tag='650'><subfield code='a'>Jews, Spanish.</subfield><subfield code='2'>fast</subfield><subfield code='0'>(OCoLC)fst01201040</subfield></datafield><datafield ind1=' ' ind2='7' tag='650'><subfield code='a'>Sephardim.</subfield><subfield code='2'>fast</subfield><subfield code='0'>(OCoLC)fst01112767</subfield></datafield><datafield ind1=' ' ind2='7' tag='650'><subfield code='a'>Song of Solomon (Music)</subfield><subfield code='2'>fast</subfield><subfield code='0'>(OCoLC)fst01126060</subfield></datafield><datafield ind1=' ' ind2='7' tag='655'><subfield code='a'>Music.</subfield><subfield code='2'>fast</subfield><subfield code='0'>(OCoLC)fst01423855</subfield></datafield><datafield ind1='1' ind2=' ' tag='700'><subfield code='a'>Sorrell, Jeannette,</subfield><subfield code='e'>conductor,</subfield><subfield code='e'>musical director.</subfield><subfield code='4'>http://id.loc.gov/vocabulary/relators/cnd</subfield><subfield code='4'>http://id.loc.gov/vocabulary/relators/msd</subfield><subfield code='0'>http://id.loc.gov/authorities/names/no98000128</subfield></datafield><datafield ind1='1' ind2=' ' tag='700'><subfield code='a'>Snaidas, Nell,</subfield><subfield code='e'>singer,</subfield><subfield code='e'>musical director.</subfield><subfield code='4'>http://id.loc.gov/vocabulary/relators/sng</subfield><subfield code='4'>http://id.loc.gov/vocabulary/relators/msd</subfield><subfield code='0'>http://id.loc.gov/authorities/names/no2004026953</subfield></datafield><datafield ind1='1' ind2=' ' tag='700'><subfield code='a'>Sulayman, Karim</subfield><subfield code='c'>(Tenor),</subfield><subfield code='e'>singer.</subfield><subfield code='4'>http://id.loc.gov/vocabulary/relators/sng</subfield><subfield code='0'>http://id.loc.gov/authorities/names/no2013115694</subfield></datafield><datafield ind1='1' ind2=' ' tag='700'><subfield code='a'>Strauss, Jeffrey,</subfield><subfield code='e'>singer.</subfield><subfield code='4'>http://id.loc.gov/vocabulary/relators/sng</subfield><subfield code='0'>http://id.loc.gov/authorities/names/no2007052245</subfield></datafield><datafield ind1='2' ind2=' ' tag='710'><subfield code='a'>Apollo&apos;s Fire (Musical group),</subfield><subfield code='e'>instrumentalist.</subfield><subfield code='4'>http://id.loc.gov/vocabulary/relators/itr</subfield><subfield code='0'>http://id.loc.gov/authorities/names/no98000129</subfield></datafield><datafield ind1='2' ind2=' ' tag='710'><subfield code='a'>Apollo&apos;s Singers,</subfield><subfield code='e'>singer.</subfield><subfield code='4'>http://id.loc.gov/vocabulary/relators/sng</subfield><subfield code='0'>http://id.loc.gov/authorities/names/no2007052248</subfield></datafield><datafield ind1='8' ind2='0' tag='852'><subfield code='h'>CD28256</subfield><subfield code='0'>14555412</subfield><subfield code='b'>scsbcul</subfield></datafield><datafield ind1=' ' ind2=' ' tag='876'><subfield code='0'>14555412</subfield><subfield code='a'>20920169</subfield><subfield code='h'>In Library Use</subfield><subfield code='j'>Available</subfield><subfield code='p'>MR75573253</subfield><subfield code='t'>1</subfield><subfield code='x'>Open</subfield><subfield code='z'>MR</subfield><subfield code='l'>RECAP</subfield></datafield></record>