
<record><leader>00841nam a22002657a 4500</leader><controlfield tag='001'>SCSB-12893574</controlfield><controlfield tag='005'>20180427205109.0</controlfield><controlfield tag='008'>000410s2000    njua     b    000 0 eng  </controlfield><controlfield tag='009'>990083751150203941</controlfield><datafield ind1=' ' ind2=' ' tag='010'><subfield code='a'>^^^00030160^</subfield></datafield><datafield ind1=' ' ind2=' ' tag='020'><subfield code='a'>0881256757</subfield></datafield><datafield ind1=' ' ind2=' ' tag='035'><subfield code='a'>(OCoLC)43894154</subfield></datafield><datafield ind1=' ' ind2=' ' tag='040'><subfield code='a'>DLC</subfield><subfield code='c'>DLC</subfield></datafield><datafield ind1=' ' ind2=' ' tag='042'><subfield code='a'>pcc</subfield></datafield><datafield ind1='0' ind2='0' tag='050'><subfield code='a'>BM700</subfield><subfield code='b'>.E97 2000</subfield></datafield><datafield ind1='0' ind2='0' tag='082'><subfield code='a'>296.4/5042</subfield><subfield code='2'>21</subfield></datafield><datafield ind1='0' ind2='0' tag='245'><subfield code='a'>Exploring Sephardic customs and traditions /</subfield><subfield code='c'>edited by Marc D. Angel.</subfield></datafield><datafield ind1=' ' ind2=' ' tag='260'><subfield code='a'>Hoboken, NJ :</subfield><subfield code='b'>KTAV Publishing House in association with American Sephardi Federation-South Florida Chapter, Sephardic House,</subfield><subfield code='c'>2000.</subfield></datafield><datafield ind1=' ' ind2=' ' tag='300'><subfield code='a'>72 p. :</subfield><subfield code='b'>ill. ;</subfield><subfield code='c'>24 cm.</subfield></datafield><datafield ind1=' ' ind2=' ' tag='504'><subfield code='a'>Includes bibliographical references.</subfield></datafield><datafield ind1='0' ind2=' ' tag='505'><subfield code='a'>Sephardic customs: reflections of a Sephardic religious worldview / Rabbi Marc D. Angel -- The Shabbat experience / Rabbi Avraham Benhamu -- Sephardic and Ashkenazic minhagim of the High Holidays: reflections on different philosophies of repentance / Rabbi Hayyim Angel -- The life cycle as experienced in the Sephardic traditions / Rabbi Herbert C. Dobrinsky.</subfield></datafield><datafield ind1=' ' ind2='0' tag='650'><subfield code='a'>Judaism</subfield><subfield code='x'>Sephardic rite</subfield></datafield><datafield ind1=' ' ind2='0' tag='650'><subfield code='a'>Fasts and feasts</subfield><subfield code='x'>Judaism</subfield></datafield><datafield ind1='1' ind2=' ' tag='700'><subfield code='a'>Angel, Marc</subfield></datafield><datafield ind1='1' ind2=' ' tag='583'><subfield code='a'>committed to retain</subfield><subfield code='c'>20181001</subfield><subfield code='d'>in perpetuity</subfield><subfield code='f'>ReCAP Shared Collection</subfield><subfield code='5'>HUL</subfield><subfield code='8'>222061698310003941</subfield></datafield><datafield ind1='0' ind2=' ' tag='852'><subfield code='c'>HD</subfield><subfield code='h'>BM700</subfield><subfield code='i'>.E97 2000</subfield><subfield code='0'>13744929</subfield><subfield code='b'>scsbhl</subfield></datafield><datafield ind1=' ' ind2=' ' tag='876'><subfield code='0'>13744929</subfield><subfield code='a'>19574140</subfield><subfield code='h'> </subfield><subfield code='j'>Available</subfield><subfield code='k'>WID</subfield><subfield code='p'>HX1UGL</subfield><subfield code='x'>Shared</subfield><subfield code='z'>HW</subfield><subfield code='l'>HD</subfield></datafield></record>