
<record><leader>00784cam a22002651  4500</leader><controlfield tag='001'>SCSB-2557727</controlfield><controlfield tag='003'>NNC</controlfield><controlfield tag='005'>20220525200335.0</controlfield><controlfield tag='008'>870113s1942    sp a          000 0 spa d</controlfield><controlfield tag='009'>558841</controlfield><datafield ind1=' ' ind2=' ' tag='035'><subfield code='a'>(OCoLC)82399557</subfield></datafield><datafield ind1=' ' ind2=' ' tag='035'><subfield code='a'>(OCoLC)ocm82399557</subfield></datafield><datafield ind1=' ' ind2=' ' tag='035'><subfield code='a'>(CStRLIN)NYCG87-B3896</subfield></datafield><datafield ind1=' ' ind2=' ' tag='035'><subfield code='9'>ACL1891CU</subfield></datafield><datafield ind1=' ' ind2=' ' tag='035'><subfield code='a'>(NNC)558841</subfield></datafield><datafield ind1=' ' ind2=' ' tag='035'><subfield code='a'>558841</subfield></datafield><datafield ind1=' ' ind2=' ' tag='040'><subfield code='a'>NNC</subfield><subfield code='c'>NNC</subfield></datafield><datafield ind1='1' ind2=' ' tag='100'><subfield code='a'>Micheletti, Jose A.</subfield></datafield><datafield ind1='1' ind2='3' tag='245'><subfield code='a'>El arquitecto :</subfield><subfield code='b'>su vocacion, su preparacion, su actuacion profesional.</subfield></datafield><datafield ind1=' ' ind2=' ' tag='260'><subfield code='a'>Rosario :</subfield><subfield code='b'>[Imprenta de la Universidad nacional del litoral],</subfield><subfield code='c'>1942.</subfield></datafield><datafield ind1=' ' ind2=' ' tag='300'><subfield code='a'>102 pages, 2 leaves :</subfield><subfield code='b'>folded diagram ;</subfield><subfield code='c'>20 cm</subfield></datafield><datafield ind1=' ' ind2=' ' tag='336'><subfield code='a'>text</subfield><subfield code='2'>rdacontent</subfield></datafield><datafield ind1=' ' ind2=' ' tag='337'><subfield code='a'>unmediated</subfield><subfield code='2'>rdamedia</subfield></datafield><datafield ind1=' ' ind2=' ' tag='338'><subfield code='a'>volume</subfield><subfield code='2'>rdacarrier</subfield></datafield><datafield ind1='8' ind2='0' tag='852'><subfield code='h'>AA2161 M58</subfield><subfield code='0'>2534595</subfield><subfield code='b'>scsbcul</subfield></datafield><datafield ind1=' ' ind2=' ' tag='876'><subfield code='0'>2534595</subfield><subfield code='a'>4069072</subfield><subfield code='h'>In Library Use</subfield><subfield code='j'>Available</subfield><subfield code='p'>AR52262880</subfield><subfield code='t'>1</subfield><subfield code='x'>Shared</subfield><subfield code='z'>AR</subfield><subfield code='l'>RECAP</subfield></datafield></record>