
<record><leader>01050nam a2200325 a 4500</leader><controlfield tag='001'>SCSB-3081097</controlfield><controlfield tag='003'>NNC</controlfield><controlfield tag='005'>20220602022817.0</controlfield><controlfield tag='008'>960315t19921992sp            000 0 spa  </controlfield><controlfield tag='009'>1384816</controlfield><datafield ind1=' ' ind2=' ' tag='010'><subfield code='a'>   96126142 </subfield></datafield><datafield ind1=' ' ind2=' ' tag='020'><subfield code='a'>8477400679</subfield></datafield><datafield ind1=' ' ind2=' ' tag='035'><subfield code='a'>(OCoLC)ocm34545042</subfield></datafield><datafield ind1=' ' ind2=' ' tag='035'><subfield code='9'>AHP2691CU</subfield></datafield><datafield ind1=' ' ind2=' ' tag='035'><subfield code='a'>1384816</subfield></datafield><datafield ind1=' ' ind2=' ' tag='040'><subfield code='a'>DLC</subfield><subfield code='c'>DLC</subfield><subfield code='d'>PL#</subfield></datafield><datafield ind1=' ' ind2=' ' tag='043'><subfield code='a'>e------</subfield></datafield><datafield ind1='0' ind2='0' tag='050'><subfield code='a'>NA120</subfield><subfield code='b'>.A76 1992</subfield></datafield><datafield ind1='0' ind2='3' tag='245'><subfield code='a'>El arquitecto europeo.</subfield></datafield><datafield ind1=' ' ind2=' ' tag='260'><subfield code='a'>Madrid :</subfield><subfield code='b'>Colegio Oficial de Arquitectos de Madrid, Comisión de Vivienda,</subfield><subfield code='c'>[1992], ©1992.</subfield></datafield><datafield ind1=' ' ind2=' ' tag='300'><subfield code='a'>198 pages ;</subfield><subfield code='c'>30 cm</subfield></datafield><datafield ind1=' ' ind2=' ' tag='336'><subfield code='a'>text</subfield><subfield code='2'>rdacontent</subfield></datafield><datafield ind1=' ' ind2=' ' tag='337'><subfield code='a'>unmediated</subfield><subfield code='2'>rdamedia</subfield></datafield><datafield ind1=' ' ind2=' ' tag='338'><subfield code='a'>volume</subfield><subfield code='2'>rdacarrier</subfield></datafield><datafield ind1=' ' ind2=' ' tag='500'><subfield code='a'>Includes documents.</subfield></datafield><datafield ind1=' ' ind2='0' tag='650'><subfield code='a'>Architects</subfield><subfield code='x'>Certification</subfield><subfield code='z'>Europe.</subfield></datafield><datafield ind1=' ' ind2='0' tag='650'><subfield code='a'>Architects</subfield><subfield code='x'>Training of</subfield><subfield code='z'>Europe.</subfield></datafield><datafield ind1=' ' ind2=' ' tag='653'><subfield code='a'>Arquitectos</subfield><subfield code='a'>Europa.</subfield></datafield><datafield ind1=' ' ind2=' ' tag='653'><subfield code='a'>Comunidad Económica Europea</subfield><subfield code='a'>Arquitectura.</subfield></datafield><datafield ind1='2' ind2=' ' tag='710'><subfield code='a'>Colegio Oficial de Arquitectos de Madrid.</subfield><subfield code='b'>Comisión de Vivienda.</subfield><subfield code='0'>http://id.loc.gov/authorities/names/n96031552</subfield></datafield><datafield ind1='8' ind2='0' tag='852'><subfield code='h'>AA140 Ar68</subfield><subfield code='0'>3062094</subfield><subfield code='b'>scsbcul</subfield></datafield><datafield ind1=' ' ind2=' ' tag='876'><subfield code='0'>3062094</subfield><subfield code='a'>4730322</subfield><subfield code='h'>In Library Use</subfield><subfield code='j'>Available</subfield><subfield code='p'>AR72494336</subfield><subfield code='t'>1</subfield><subfield code='x'>Shared</subfield><subfield code='z'>AR</subfield><subfield code='l'>RECAP</subfield></datafield></record>