
<record><leader>00857cam a2200301u  4500</leader><controlfield tag='001'>SCSB-2913343</controlfield><controlfield tag='003'>NNC</controlfield><controlfield tag='005'>20220601200242.0</controlfield><controlfield tag='008'>911101s1960    cl            000 1 spa  </controlfield><controlfield tag='009'>1042970</controlfield><datafield ind1=' ' ind2=' ' tag='010'><subfield code='a'>   62025290 </subfield></datafield><datafield ind1=' ' ind2=' ' tag='035'><subfield code='a'>(OCoLC)1555334</subfield></datafield><datafield ind1=' ' ind2=' ' tag='035'><subfield code='a'>(OCoLC)ocm01555334</subfield></datafield><datafield ind1=' ' ind2=' ' tag='035'><subfield code='a'>(CStRLIN)NYCG91-B93736</subfield></datafield><datafield ind1=' ' ind2=' ' tag='035'><subfield code='9'>AFU0802CU</subfield></datafield><datafield ind1=' ' ind2=' ' tag='035'><subfield code='a'>(NNC)1042970</subfield></datafield><datafield ind1=' ' ind2=' ' tag='035'><subfield code='a'>1042970</subfield></datafield><datafield ind1=' ' ind2=' ' tag='040'><subfield code='c'>OAU</subfield><subfield code='d'>IU</subfield><subfield code='d'>NNC</subfield></datafield><datafield ind1=' ' ind2='0' tag='050'><subfield code='a'>PQ8097.G44</subfield><subfield code='b'>P4</subfield></datafield><datafield ind1='1' ind2=' ' tag='100'><subfield code='a'>Geel, María Carolina.</subfield><subfield code='0'>http://id.loc.gov/authorities/names/n97014080</subfield></datafield><datafield ind1='1' ind2='3' tag='245'><subfield code='a'>El pequeño arquitecto.</subfield></datafield><datafield ind1=' ' ind2=' ' tag='260'><subfield code='a'>[Santiago de Chile] :</subfield><subfield code='b'>Babel,</subfield><subfield code='c'>[between 1960 and 1969?]</subfield></datafield><datafield ind1=' ' ind2=' ' tag='300'><subfield code='a'>103 pages ;</subfield><subfield code='c'>20 cm.</subfield></datafield><datafield ind1=' ' ind2=' ' tag='336'><subfield code='a'>text</subfield><subfield code='2'>rdacontent</subfield></datafield><datafield ind1=' ' ind2=' ' tag='337'><subfield code='a'>unmediated</subfield><subfield code='2'>rdamedia</subfield></datafield><datafield ind1=' ' ind2=' ' tag='338'><subfield code='a'>volume</subfield><subfield code='2'>rdacarrier</subfield></datafield><datafield ind1='1' ind2=' ' tag='490'><subfield code='a'>Colección &quot;Babel&quot;</subfield></datafield><datafield ind1=' ' ind2='0' tag='830'><subfield code='a'>Colección &quot;Babel.&quot;</subfield></datafield><datafield ind1='0' ind2='0' tag='852'><subfield code='h'>PQ8097.G44 P4</subfield><subfield code='0'>2891232</subfield><subfield code='b'>scsbcul</subfield></datafield><datafield ind1=' ' ind2=' ' tag='876'><subfield code='0'>2891232</subfield><subfield code='a'>4534290</subfield><subfield code='h'> </subfield><subfield code='j'>Available</subfield><subfield code='p'>CU53132661</subfield><subfield code='t'>1</subfield><subfield code='x'>Shared</subfield><subfield code='z'>CU</subfield><subfield code='l'>RECAP</subfield></datafield></record>