
<record><leader>01230cam a2200349 a 4500</leader><controlfield tag='001'>SCSB-5510534</controlfield><controlfield tag='003'>NNC</controlfield><controlfield tag='005'>20221206004445.0</controlfield><controlfield tag='008'>100127s2006    pe a          000 0 spa d</controlfield><controlfield tag='009'>7678230</controlfield><datafield ind1=' ' ind2=' ' tag='035'><subfield code='a'>(OCoLC)ocn502161163</subfield></datafield><datafield ind1=' ' ind2=' ' tag='035'><subfield code='a'>(OCoLC)502161163</subfield></datafield><datafield ind1=' ' ind2=' ' tag='035'><subfield code='a'>(NNC)7678230</subfield></datafield><datafield ind1=' ' ind2=' ' tag='035'><subfield code='a'>7678230</subfield></datafield><datafield ind1=' ' ind2=' ' tag='040'><subfield code='a'>PEUPC</subfield><subfield code='c'>PEUPC</subfield><subfield code='d'>PEUPC</subfield><subfield code='d'>NNC</subfield></datafield><datafield ind1=' ' ind2=' ' tag='043'><subfield code='a'>s-pe---</subfield></datafield><datafield ind1=' ' ind2=' ' tag='092'><subfield code='a'>711.40985</subfield><subfield code='b'>ROME</subfield></datafield><datafield ind1='1' ind2=' ' tag='100'><subfield code='a'>Romero Sotelo, Miguel,</subfield><subfield code='d'>1947-</subfield><subfield code='0'>http://id.loc.gov/authorities/names/no96000980</subfield></datafield><datafield ind1='1' ind2='3' tag='245'><subfield code='a'>El arquitecto desarrollador :</subfield><subfield code='b'>retornando al territorio productivo y al sistema de ciudades humanizadas /</subfield><subfield code='c'>Miguel Eugenio Romero Sotelo.</subfield></datafield><datafield ind1=' ' ind2=' ' tag='250'><subfield code='a'>1a ed.</subfield></datafield><datafield ind1=' ' ind2=' ' tag='260'><subfield code='a'>Lima :</subfield><subfield code='b'>Universidad San Ignacio de Loyola, Unidad de Publicaciones,</subfield><subfield code='c'>2006.</subfield></datafield><datafield ind1=' ' ind2=' ' tag='300'><subfield code='a'>195 pages :</subfield><subfield code='b'>illustrations (some color) ;</subfield><subfield code='c'>30 cm</subfield></datafield><datafield ind1=' ' ind2=' ' tag='336'><subfield code='a'>text</subfield><subfield code='b'>txt</subfield><subfield code='2'>rdacontent</subfield></datafield><datafield ind1=' ' ind2=' ' tag='337'><subfield code='a'>unmediated</subfield><subfield code='b'>n</subfield><subfield code='2'>rdamedia</subfield></datafield><datafield ind1=' ' ind2='4' tag='650'><subfield code='a'>Planificación urbana</subfield><subfield code='z'>Perú.</subfield></datafield><datafield ind1=' ' ind2='4' tag='650'><subfield code='a'>Planificación urbana</subfield><subfield code='z'>Perú</subfield><subfield code='z'>Lima.</subfield></datafield><datafield ind1=' ' ind2='4' tag='650'><subfield code='a'>Urbanismo</subfield><subfield code='z'>Perú</subfield><subfield code='z'>Lima.</subfield></datafield><datafield ind1=' ' ind2='0' tag='650'><subfield code='a'>City planning</subfield><subfield code='z'>Peru</subfield><subfield code='z'>Lima.</subfield></datafield><datafield ind1=' ' ind2='0' tag='650'><subfield code='a'>Urbanization</subfield><subfield code='z'>Peru</subfield><subfield code='z'>Lima.</subfield></datafield><datafield ind1=' ' ind2=' ' tag='653'><subfield code='a'>Política de vivienda</subfield></datafield><datafield ind1=' ' ind2=' ' tag='653'><subfield code='a'>Arquitectura</subfield></datafield><datafield ind1='8' ind2='0' tag='852'><subfield code='h'>AA9177 R66</subfield><subfield code='0'>5503440</subfield><subfield code='b'>scsbcul</subfield></datafield><datafield ind1=' ' ind2=' ' tag='876'><subfield code='0'>5503440</subfield><subfield code='a'>8159131</subfield><subfield code='h'>In Library Use</subfield><subfield code='j'>Available</subfield><subfield code='p'>AR00716600</subfield><subfield code='t'>1</subfield><subfield code='x'>Shared</subfield><subfield code='z'>AR</subfield><subfield code='l'>RECAP</subfield></datafield></record>