
<record><leader>00748aam a22002534a 4500</leader><controlfield tag='001'>SCSB-10845522</controlfield><controlfield tag='005'>20090722145522.0</controlfield><controlfield tag='008'>030303s2003    sp       b    000 f spa d</controlfield><controlfield tag='009'>990091907780203941</controlfield><datafield ind1=' ' ind2=' ' tag='020'><subfield code='a'>8497430514</subfield></datafield><datafield ind1=' ' ind2=' ' tag='020'><subfield code='a'>9788497430517</subfield></datafield><datafield ind1=' ' ind2=' ' tag='035'><subfield code='a'>(OCoLC)51847824</subfield></datafield><datafield ind1=' ' ind2=' ' tag='040'><subfield code='a'>I5B</subfield><subfield code='b'>spa</subfield><subfield code='c'>I5B</subfield><subfield code='d'>PL#</subfield></datafield><datafield ind1='1' ind2=' ' tag='100'><subfield code='a'>Morey Servera, Pere.</subfield></datafield><datafield ind1='1' ind2='0' tag='240'><subfield code='a'>Templer i l&apos;arquitecte</subfield><subfield code='l'>Spanish.</subfield></datafield><datafield ind1='1' ind2='3' tag='245'><subfield code='a'>El arquitecto y el templario /</subfield><subfield code='c'>Pere Morey.</subfield></datafield><datafield ind1=' ' ind2=' ' tag='260'><subfield code='a'>Lleida :</subfield><subfield code='b'>Milenio,</subfield><subfield code='c'>2003.</subfield></datafield><datafield ind1=' ' ind2=' ' tag='300'><subfield code='a'>331 p. ;</subfield><subfield code='c'>21 cm.</subfield></datafield><datafield ind1='1' ind2=' ' tag='490'><subfield code='a'>Narrativa Milenio ;</subfield><subfield code='v'>10</subfield></datafield><datafield ind1=' ' ind2='0' tag='830'><subfield code='a'>Narrativa Milenio ;</subfield><subfield code='v'>10.</subfield></datafield><datafield ind1='1' ind2=' ' tag='583'><subfield code='a'>committed to retain</subfield><subfield code='c'>20181001</subfield><subfield code='d'>in perpetuity</subfield><subfield code='f'>ReCAP Shared Collection</subfield><subfield code='5'>HUL</subfield><subfield code='8'>222069762290003941</subfield></datafield><datafield ind1='0' ind2=' ' tag='852'><subfield code='c'>HD</subfield><subfield code='8'>222069762290003941</subfield><subfield code='0'>11636895</subfield><subfield code='b'>scsbhl</subfield></datafield><datafield ind1=' ' ind2=' ' tag='876'><subfield code='0'>11636895</subfield><subfield code='a'>17382968</subfield><subfield code='j'>Available</subfield><subfield code='k'>WID</subfield><subfield code='p'>32044105287189</subfield><subfield code='x'>Shared</subfield><subfield code='z'>HW</subfield><subfield code='l'>HD</subfield></datafield></record>