
<record><leader>00000cam a22002777a 4500</leader><controlfield tag='001'>SCSB-12160383</controlfield><controlfield tag='005'>20160114145204.0</controlfield><controlfield tag='008'>020930s2001    sp            000 0 spa  </controlfield><controlfield tag='009'>990102197230203941</controlfield><datafield ind1=' ' ind2=' ' tag='010'><subfield code='a'>^^2002504020</subfield></datafield><datafield ind1=' ' ind2=' ' tag='020'><subfield code='a'>8445120352</subfield></datafield><datafield ind1=' ' ind2=' ' tag='020'><subfield code='a'>9788445120354</subfield></datafield><datafield ind1=' ' ind2=' ' tag='035'><subfield code='a'>(OCoLC)51177408</subfield></datafield><datafield ind1=' ' ind2=' ' tag='040'><subfield code='a'>DLC</subfield><subfield code='c'>DLC</subfield><subfield code='d'>I5B</subfield><subfield code='d'>OCLCQ</subfield></datafield><datafield ind1=' ' ind2='4' tag='050'><subfield code='a'>PQ6662.O598</subfield><subfield code='b'>A77 2001</subfield></datafield><datafield ind1='1' ind2=' ' tag='100'><subfield code='a'>López Mozo, Jerónimo.</subfield></datafield><datafield ind1='1' ind2='3' tag='245'><subfield code='a'>El arquitecto y el relojero /</subfield><subfield code='c'>Jerónimo López Mozo.</subfield></datafield><datafield ind1=' ' ind2=' ' tag='250'><subfield code='a'>1. ed.</subfield></datafield><datafield ind1=' ' ind2=' ' tag='260'><subfield code='a'>Spain :</subfield><subfield code='b'>Consejería de Cultura, Comunidad de Madrid :</subfield><subfield code='b'>Asociación de Autores de Teatro,</subfield><subfield code='c'>[2001]</subfield></datafield><datafield ind1=' ' ind2=' ' tag='300'><subfield code='a'>78 p. ;</subfield><subfield code='c'>22 cm.</subfield></datafield><datafield ind1='1' ind2=' ' tag='490'><subfield code='a'>Damos la palabra textos ;</subfield><subfield code='v'>17</subfield></datafield><datafield ind1=' ' ind2='0' tag='830'><subfield code='a'>Damos la palabra.</subfield><subfield code='p'>Textos ;</subfield><subfield code='v'>17.</subfield></datafield><datafield ind1='1' ind2=' ' tag='583'><subfield code='a'>committed to retain</subfield><subfield code='c'>20181001</subfield><subfield code='d'>in perpetuity</subfield><subfield code='f'>ReCAP Shared Collection</subfield><subfield code='5'>HUL</subfield><subfield code='8'>222113361430003941</subfield></datafield><datafield ind1='0' ind2=' ' tag='852'><subfield code='c'>HD</subfield><subfield code='h'>PQ6662.O598</subfield><subfield code='i'>A77 2001</subfield><subfield code='8'>222113361430003941</subfield><subfield code='0'>12990378</subfield><subfield code='b'>scsbhl</subfield></datafield><datafield ind1=' ' ind2=' ' tag='876'><subfield code='0'>12990378</subfield><subfield code='a'>18788742</subfield><subfield code='j'>Available</subfield><subfield code='k'>WID</subfield><subfield code='p'>32044099276099</subfield><subfield code='x'>Shared</subfield><subfield code='z'>HW</subfield><subfield code='l'>HD</subfield></datafield></record>