
<record><leader>00000nam  2200361Ii 4500</leader><controlfield tag='001'>SCSB-8300312</controlfield><controlfield tag='003'>OCoLC</controlfield><controlfield tag='005'>20150129154255.0</controlfield><controlfield tag='008'>150129t20142014mx            000 f spa dnamIi </controlfield><controlfield tag='009'>.b205139991</controlfield><datafield ind1='1' ind2=' ' tag='100'><subfield code='a'>Brassel, Carlos,</subfield><subfield code='e'>author.</subfield></datafield><datafield ind1='1' ind2='0' tag='600'><subfield code='a'>Bernini, Gian Lorenzo,</subfield><subfield code='d'>1598-1680</subfield><subfield code='v'>Fiction.</subfield></datafield><datafield ind1=' ' ind2='7' tag='655'><subfield code='a'>Historical fiction.</subfield><subfield code='2'>lcgft</subfield></datafield><datafield ind1=' ' ind2=' ' tag='250'><subfield code='a'>Primera edición.</subfield></datafield><datafield ind1=' ' ind2=' ' tag='020'><subfield code='a'>9786075167381</subfield></datafield><datafield ind1=' ' ind2=' ' tag='020'><subfield code='a'>6075167382</subfield></datafield><datafield ind1=' ' ind2='1' tag='264'><subfield code='a'>México D.F. :</subfield><subfield code='b'>CONACULTA, Dirección General de Publicaciones ;</subfield><subfield code='b'>Hiperlibro,</subfield><subfield code='c'>2014.</subfield></datafield><datafield ind1=' ' ind2='4' tag='264'><subfield code='c'>©2014</subfield></datafield><datafield ind1=' ' ind2=' ' tag='300'><subfield code='a'>389 pages ;</subfield><subfield code='c'>23 cm</subfield></datafield><datafield ind1=' ' ind2=' ' tag='336'><subfield code='a'>text</subfield><subfield code='2'>rdacontent</subfield></datafield><datafield ind1=' ' ind2=' ' tag='337'><subfield code='a'>unmediated</subfield><subfield code='2'>rdamedia</subfield></datafield><datafield ind1=' ' ind2=' ' tag='338'><subfield code='a'>volume</subfield><subfield code='2'>rdacarrier</subfield></datafield><datafield ind1='1' ind2='3' tag='245'><subfield code='a'>El arquitecto de Dios /</subfield><subfield code='c'>Carlos Brassel.</subfield></datafield><datafield ind1=' ' ind2=' ' tag='040'><subfield code='a'>NYP</subfield><subfield code='b'>eng</subfield><subfield code='c'>NYP</subfield><subfield code='e'>rda</subfield></datafield><datafield ind1=' ' ind2=' ' tag='049'><subfield code='a'>NYPP</subfield></datafield><datafield ind1=' ' ind2=' ' tag='901'><subfield code='a'>jmd</subfield><subfield code='b'>CATRL</subfield></datafield><datafield ind1=' ' ind2=' ' tag='901'><subfield code='a'>MARS</subfield></datafield><datafield ind1=' ' ind2=' ' tag='945'><subfield code='a'>.b205139991</subfield></datafield><datafield ind1=' ' ind2=' ' tag='946'><subfield code='a'>m</subfield></datafield><datafield ind1=' ' ind2='1' tag='949'><subfield code='z'>8528</subfield><subfield code='a'>ReCAP 15-3267</subfield><subfield code='i'>33433114402021</subfield><subfield code='l'>mal</subfield><subfield code='s'>b</subfield><subfield code='t'>055</subfield><subfield code='h'>33</subfield><subfield code='o'>2</subfield><subfield code='v'>CATRL/jmd</subfield></datafield><datafield ind1=' ' ind2=' ' tag='910'><subfield code='a'>RL</subfield></datafield><datafield ind1='0' ind2='0' tag='907'><subfield code='a'>.b205139991</subfield></datafield><datafield ind1=' ' ind2=' ' tag='035'><subfield code='a'>(OCoLC)901000260</subfield></datafield><datafield ind1='8' ind2=' ' tag='852'><subfield code='h'>ReCAP 15-3267</subfield><subfield code='0'>8454814</subfield><subfield code='b'>scsbnypl</subfield></datafield><datafield ind1=' ' ind2=' ' tag='876'><subfield code='0'>8454814</subfield><subfield code='a'>13832099</subfield><subfield code='j'>Available</subfield><subfield code='p'>33433114402021</subfield><subfield code='t'>1</subfield><subfield code='x'>Shared</subfield><subfield code='z'>NA</subfield><subfield code='l'>RECAP</subfield></datafield></record>